<?xml version="1.0" ?><OAI-PMH xmlns="http://www.openarchives.org/OAI/2.0/" xmlns:xsi="http://www.w3.org/2001/XMLSchema-instance" xsi:schemaLocation="http://www.openarchives.org/OAI/2.0/ http://www.openarchives.org/OAI/2.0/OAI-PMH.xsd">
  <responseDate>2024-11-20T18:25:19Z</responseDate>
  <request resumptionToken="1900-01-01@all@UNIGE_ALL@marc21@5986504020005502" verb="ListRecords">https://slsp-unige.alma.exlibrisgroup.com/view/oai/41SLSP_UGE/request</request>
<ListRecords><record><header><identifier>oai:alma.41SLSP_UGE:991000033339705502</identifier><datestamp>2024-03-20T02:15:27Z</datestamp><setSpec>uge_bcen_RapidILL_BOOK</setSpec><setSpec>uge_aaca_RapidILL_BOOK</setSpec><setSpec>uge_abels_RapidILL_BOOK</setSpec><setSpec>uge_dbu_RapidILL_BOOK</setSpec><setSpec>uge_cmu_RapidILL_BOOK</setSpec><setSpec>uge_mail_RapidILL_BOOK</setSpec><setSpec>uge_abbat_RapidILL_BOOK</setSpec><setSpec>UNIGE_ALL</setSpec><setSpec>uge_acar_RapidILL_BOOK</setSpec><setSpec>uge_aobs_RapidILL_BOOK</setSpec></header><metadata>
<record xmlns="http://www.loc.gov/MARC21/slim" xmlns:xsi="http://www.w3.org/2001/XMLSchema-instance" xsi:schemaLocation="http://www.loc.gov/MARC21/slim http://www.loc.gov/standards/marcxml/schema/MARC21slim.xsd"><leader>01604nam a2200313 c 4500</leader><controlfield tag="001">991000033339705502</controlfield><controlfield tag="005">20240319212701.0</controlfield><controlfield tag="008">000910s1564    xx ||||| |||| 00| ||fre d</controlfield><datafield ind1=" " ind2=" " tag="019"><subfield code="a">Catalogage à l'exemplaire</subfield><subfield code="5">RERO/gevbpu/03.1999</subfield></datafield><datafield ind1=" " ind2=" " tag="035"><subfield code="a">(swissbib)094218625-41slsp_network</subfield></datafield><datafield ind1=" " ind2=" " tag="035"><subfield code="a">094218625</subfield><subfield code="9">ExL</subfield></datafield><datafield ind1=" " ind2=" " tag="035"><subfield code="a">(RERO)R245185460-41slsp</subfield></datafield><datafield ind1=" " ind2=" " tag="035"><subfield code="a">(EXLNZ-41SLSP_NETWORK)991088638059705501</subfield></datafield><datafield ind1=" " ind2=" " tag="040"><subfield code="a">RERO gevbpu</subfield><subfield code="d">CH-ZuSLS</subfield></datafield><datafield ind1=" " ind2="7" tag="072"><subfield code="a">hg</subfield><subfield code="2">rero</subfield></datafield><datafield ind1="1" ind2=" " tag="100"><subfield code="a">Bèze, Théodore de</subfield><subfield code="d">1519-1605</subfield><subfield code="0">(IDREF)026726920</subfield><subfield code="4">cre</subfield></datafield><datafield ind1="1" ind2="0" tag="245"><subfield code="a">Discours de M. Theodore de Besze, contenant en bref l'histoire de la vie et mort de maistre Jean Calvin, avec le testament et derniere volonté dudit Calvin</subfield><subfield code="b">et le catalogue des livres par luy composez</subfield></datafield><datafield ind1=" " ind2="1" tag="264"><subfield code="a">[Lieu de publication non identifié]</subfield><subfield code="b">[éditeur non identifié]</subfield><subfield code="c">1564</subfield></datafield><datafield ind1=" " ind2=" " tag="300"><subfield code="a">63 p.</subfield><subfield code="c">8⁰ (16 cm)</subfield></datafield><datafield ind1=" " ind2=" " tag="336"><subfield code="b">txt</subfield><subfield code="2">rdacontent</subfield></datafield><datafield ind1=" " ind2=" " tag="337"><subfield code="b">n</subfield><subfield code="2">rdamedia</subfield></datafield><datafield ind1=" " ind2=" " tag="338"><subfield code="b">nc</subfield><subfield code="2">rdacarrier</subfield></datafield><datafield ind1=" " ind2=" " tag="500"><subfield code="a">Sig. A-H⁴</subfield></datafield><datafield ind1="3" ind2=" " tag="510"><subfield code="a">Lelong/Fontette 5808 (qui ne précise pas l'éd. exacte) ; manque à Thomas ; Gardy/Dufour 175 ; Index Aureliensis 118.648 ; manque à Adams ; Droz I, 385 ; manque à Shaw</subfield></datafield><datafield ind1=" " ind2=" " tag="590"><subfield code="a">Reliure française du XIXe siècle en plein maroquin chocolat, double filet à froid sur les plats, chiffre &quot;HCC&quot; aux quatre angles, auteur, titre et date dorés sur le premier plat, dentelle intérieure (Signée: Lacornée)</subfield></datafield><datafield ind1=" " ind2=" " tag="590"><subfield code="a">Ex-libris gravé P.P</subfield></datafield><datafield ind1="1" ind2="7" tag="600"><subfield code="a">Calvin, Jean</subfield><subfield code="d">1509-1564</subfield><subfield code="0">(IDREF)026763362</subfield><subfield code="2">idref</subfield></datafield><datafield ind1=" " ind2="7" tag="655"><subfield code="a">Biographie</subfield><subfield code="0">(IDREF)027281558</subfield><subfield code="2">idref</subfield></datafield><datafield ind1="0" ind2=" " tag="700"><subfield code="a">Lacornée</subfield><subfield code="c">Relieur</subfield><subfield code="0">(RERO)A012427523</subfield><subfield code="4">bnd</subfield></datafield><datafield ind1=" " ind2=" " tag="900"><subfield code="a">REROswissbibnomerge</subfield></datafield><datafield ind1=" " ind2=" " tag="993"><subfield code="a">MHR B 24,1(64)</subfield><subfield code="x">ge/mhr-/2340</subfield><subfield code="9">LOCAL</subfield></datafield></record>
</metadata></record>