<record><header><identifier>oai:alma.41SLSP_UGE:991000033439705502</identifier><datestamp>2024-10-29T01:08:08Z</datestamp><setSpec>uge_bcen_RapidILL_BOOK</setSpec><setSpec>uge_aaca_RapidILL_BOOK</setSpec><setSpec>uge_abels_RapidILL_BOOK</setSpec><setSpec>uge_dbu_RapidILL_BOOK</setSpec><setSpec>uge_cmu_RapidILL_BOOK</setSpec><setSpec>uge_mail_RapidILL_BOOK</setSpec><setSpec>uge_abbat_RapidILL_BOOK</setSpec><setSpec>UNIGE_ALL</setSpec><setSpec>uge_acar_RapidILL_BOOK</setSpec><setSpec>uge_aobs_RapidILL_BOOK</setSpec></header><metadata>
<record xmlns="http://www.loc.gov/MARC21/slim" xmlns:xsi="http://www.w3.org/2001/XMLSchema-instance" xsi:schemaLocation="http://www.loc.gov/MARC21/slim http://www.loc.gov/standards/marcxml/schema/MARC21slim.xsd"><leader>01346nam a2200277 c 4500</leader><controlfield tag="001">991000033439705502</controlfield><controlfield tag="005">20241028182611.0</controlfield><controlfield tag="008">870610s1685    ne ||||| |||| 00| ||fre d</controlfield><datafield ind1=" " ind2=" " tag="035"><subfield code="a">(swissbib)081823959-41slsp_network</subfield></datafield><datafield ind1=" " ind2=" " tag="035"><subfield code="a">081823959</subfield><subfield code="9">ExL</subfield></datafield><datafield ind1=" " ind2=" " tag="035"><subfield code="a">(RERO)0851620-41slsp</subfield></datafield><datafield ind1=" " ind2=" " tag="035"><subfield code="a">(EXLNZ-41SLSP_NETWORK)991081328809705501</subfield></datafield><datafield ind1=" " ind2=" " tag="040"><subfield code="a">RERO labcud</subfield><subfield code="d">CH-ZuSLS</subfield></datafield><datafield ind1=" " ind2="7" tag="072"><subfield code="a">th</subfield><subfield code="2">rero</subfield></datafield><datafield ind1="1" ind2=" " tag="100"><subfield code="a">Simon, Richard</subfield><subfield code="d">1638-1712</subfield><subfield code="0">(IDREF)029095786</subfield><subfield code="4">cre</subfield></datafield><datafield ind1="1" ind2="0" tag="245"><subfield code="a">Histoire critique du Vieux Testament</subfield><subfield code="c">Par le R. P. Richard Simon</subfield></datafield><datafield ind1=" " ind2=" " tag="250"><subfield code="a">Nouvelle édition, &amp; qui est la première imprimée sur la copie de Paris, augmentée d'une apologie générale &amp; de plusieurs remarques critiques. On a de plus ajouté à cette édition une table des matières, &amp; tout ce qui a été imprimé jusqu'à présent à l'occasion de cette Histoire critique</subfield></datafield><datafield ind1=" " ind2="1" tag="264"><subfield code="a">A Rotterdam</subfield><subfield code="b">chez Reinier Leers</subfield><subfield code="c">1685</subfield></datafield><datafield ind1=" " ind2=" " tag="300"><subfield code="a">[40], 667, [45] p.</subfield><subfield code="c">4⁰ (27 cm)</subfield></datafield><datafield ind1=" " ind2=" " tag="336"><subfield code="b">txt</subfield><subfield code="2">rdacontent</subfield></datafield><datafield ind1=" " ind2=" " tag="337"><subfield code="b">n</subfield><subfield code="2">rdamedia</subfield></datafield><datafield ind1=" " ind2=" " tag="338"><subfield code="b">nc</subfield><subfield code="2">rdacarrier</subfield></datafield><datafield ind1="1" ind2=" " tag="700"><subfield code="a">Leers, Reinier</subfield><subfield code="d">1654-1714</subfield><subfield code="0">(IDREF)050607103</subfield><subfield code="4">prt</subfield></datafield><datafield ind1=" " ind2=" " tag="751"><subfield code="a">Rotterdam (Pays-Bas)</subfield><subfield code="4">pup</subfield><subfield code="0">(IDREF)027619591</subfield></datafield><datafield ind1="0" ind2="8" tag="776"><subfield code="i">Publié également comme</subfield><subfield code="n">édition en ligne</subfield><subfield code="t">Histoire critique du Vieux Testament</subfield><subfield code="w">991171962838205501</subfield></datafield><datafield ind1="4" ind2="1" tag="856"><subfield code="u">http://books.google.ch/books?vid=BCUL1094383100</subfield><subfield code="z">Googlos 2007-2009</subfield></datafield><datafield ind1=" " ind2=" " tag="900"><subfield code="a">REROswissbibnomerge</subfield></datafield></record>
</metadata></record>