<record><header><identifier>oai:alma.41SLSP_UGE:991000032919705502</identifier><datestamp>2023-03-01T01:09:17Z</datestamp><setSpec>uge_bcen_RapidILL_BOOK</setSpec><setSpec>uge_aaca_RapidILL_BOOK</setSpec><setSpec>uge_abels_RapidILL_BOOK</setSpec><setSpec>uge_dbu_RapidILL_BOOK</setSpec><setSpec>uge_cmu_RapidILL_BOOK</setSpec><setSpec>uge_mail_RapidILL_BOOK</setSpec><setSpec>UNIGE_ALL</setSpec><setSpec>uge_abbat_RapidILL_BOOK</setSpec><setSpec>uge_aobs_RapidILL_BOOK</setSpec><setSpec>uge_acar_RapidILL_BOOK</setSpec></header><metadata>
<record xmlns="http://www.loc.gov/MARC21/slim" xmlns:xsi="http://www.w3.org/2001/XMLSchema-instance" xsi:schemaLocation="http://www.loc.gov/MARC21/slim http://www.loc.gov/standards/marcxml/schema/MARC21slim.xsd"><leader>01104nam a2200301 c 4500</leader><controlfield tag="001">991000032919705502</controlfield><controlfield tag="005">20201126051346.0</controlfield><controlfield tag="008">071031r20071571it ||||| |||| 00| ||ita d</controlfield><datafield ind1=" " ind2=" " tag="020"><subfield code="z">887576748</subfield></datafield><datafield ind1=" " ind2=" " tag="020"><subfield code="z">887676748</subfield></datafield><datafield ind1=" " ind2=" " tag="035"><subfield code="a">(swissbib)105990388-41slsp_network</subfield></datafield><datafield ind1=" " ind2=" " tag="035"><subfield code="a">105990388</subfield><subfield code="9">ExL</subfield></datafield><datafield ind1=" " ind2=" " tag="035"><subfield code="a">(RERO)R004570350-41slsp</subfield></datafield><datafield ind1=" " ind2=" " tag="035"><subfield code="a">(EXLNZ-41SLSP_NETWORK)991088429109705501</subfield></datafield><datafield ind1=" " ind2=" " tag="040"><subfield code="a">RERO geulit</subfield><subfield code="d">CH-ZuSLS</subfield></datafield><datafield ind1=" " ind2="7" tag="072"><subfield code="a">it</subfield><subfield code="2">rero</subfield></datafield><datafield ind1="1" ind2=" " tag="100"><subfield code="a">Vignali, Antonio</subfield><subfield code="d">1500-1559</subfield><subfield code="0">(IDREF)028045122</subfield><subfield code="4">cre</subfield></datafield><datafield ind1="1" ind2="0" tag="245"><subfield code="a">Alcune lettere amorose</subfield><subfield code="b">una dell'Arsiccio Intronato in proverbi, l'altre di M. Alessandro Marzi Cirloso Intronato con le risposte, e con alcuni sonetti</subfield></datafield><datafield ind1=" " ind2="1" tag="264"><subfield code="a">Siena</subfield><subfield code="b">Betti</subfield><subfield code="c">2007</subfield></datafield><datafield ind1=" " ind2=" " tag="300"><subfield code="a">54 p.</subfield></datafield><datafield ind1=" " ind2=" " tag="336"><subfield code="b">txt</subfield><subfield code="2">rdacontent</subfield></datafield><datafield ind1=" " ind2=" " tag="337"><subfield code="b">n</subfield><subfield code="2">rdamedia</subfield></datafield><datafield ind1=" " ind2=" " tag="338"><subfield code="b">nc</subfield><subfield code="2">rdacarrier</subfield></datafield><datafield ind1=" " ind2=" " tag="500"><subfield code="a">La couv. porte : Accademia Senese degli Intronati</subfield></datafield><datafield ind1=" " ind2=" " tag="500"><subfield code="a">La reprod. photomécanique est suivie d'une transcription</subfield></datafield><datafield ind1=" " ind2=" " tag="534"><subfield code="p">Reprod. de l'éd. de :</subfield><subfield code="c">Siena : L. Bonetti, 1571</subfield></datafield><datafield ind1="1" ind2=" " tag="700"><subfield code="a">Marzi, Alessandro</subfield><subfield code="0">(RERO)A013636734</subfield></datafield><datafield ind1="2" ind2=" " tag="710"><subfield code="a">Accademia senese degli intronati</subfield><subfield code="0">(IDREF)030114012</subfield></datafield><datafield ind1=" " ind2=" " tag="900"><subfield code="a">REROnoselfmerge</subfield></datafield><datafield ind1=" " ind2=" " tag="993"><subfield code="a">BFLA 199962</subfield><subfield code="x">ge/ulit/a/07/239</subfield><subfield code="9">LOCAL</subfield></datafield></record>
</metadata></record>