<record><header><identifier>oai:alma.41SLSP_UGE:991000033539705502</identifier><datestamp>2023-04-01T00:11:50Z</datestamp><setSpec>uge_bcen_RapidILL_BOOK</setSpec><setSpec>uge_aaca_RapidILL_BOOK</setSpec><setSpec>uge_abels_RapidILL_BOOK</setSpec><setSpec>uge_dbu_RapidILL_BOOK</setSpec><setSpec>uge_cmu_RapidILL_BOOK</setSpec><setSpec>uge_mail_RapidILL_BOOK</setSpec><setSpec>uge_abbat_RapidILL_BOOK</setSpec><setSpec>UNIGE_ALL</setSpec><setSpec>uge_acar_RapidILL_BOOK</setSpec><setSpec>uge_aobs_RapidILL_BOOK</setSpec></header><metadata>
<record xmlns="http://www.loc.gov/MARC21/slim" xmlns:xsi="http://www.w3.org/2001/XMLSchema-instance" xsi:schemaLocation="http://www.loc.gov/MARC21/slim http://www.loc.gov/standards/marcxml/schema/MARC21slim.xsd"><leader>02667nam a2200637 c 4500</leader><controlfield tag="001">991000033539705502</controlfield><controlfield tag="005">20230331204956.0</controlfield><controlfield tag="008">201011s2015    gw            00| | spa|d</controlfield><datafield ind1=" " ind2=" " tag="020"><subfield code="a">3944244354</subfield></datafield><datafield ind1=" " ind2=" " tag="020"><subfield code="a">9783944244358</subfield></datafield><datafield ind1="3" ind2=" " tag="024"><subfield code="a">9783944244358</subfield></datafield><datafield ind1=" " ind2=" " tag="035"><subfield code="a">(swissbib)220248117-41slsp_network</subfield></datafield><datafield ind1=" " ind2=" " tag="035"><subfield code="a">220248117</subfield><subfield code="9">ExL</subfield></datafield><datafield ind1=" " ind2=" " tag="035"><subfield code="a">(IDSBB)006388804DSV01</subfield></datafield><datafield ind1=" " ind2=" " tag="035"><subfield code="a">(RERO)R008186303-41slsp</subfield></datafield><datafield ind1=" " ind2=" " tag="035"><subfield code="a">(NEBIS)010436374EBI01</subfield></datafield><datafield ind1=" " ind2=" " tag="035"><subfield code="a">(OCoLC)910834687</subfield></datafield><datafield ind1=" " ind2=" " tag="035"><subfield code="a">(OCoLC)908646756</subfield></datafield><datafield ind1=" " ind2=" " tag="035"><subfield code="a">(EXLNZ-41SLSP_NETWORK)991141794989705501</subfield></datafield><datafield ind1=" " ind2=" " tag="040"><subfield code="a">PL#</subfield><subfield code="e">kids</subfield><subfield code="d">CH-ZuSLS</subfield></datafield><datafield ind1=" " ind2="7" tag="072"><subfield code="a">es</subfield><subfield code="2">SzZuIDS BS/BE</subfield></datafield><datafield ind1=" " ind2="7" tag="072"><subfield code="a">es</subfield><subfield code="2">rero</subfield></datafield><datafield ind1="1" ind2="4" tag="082"><subfield code="a">860</subfield><subfield code="a">800</subfield><subfield code="2">15</subfield></datafield><datafield ind1="0" ind2="0" tag="245"><subfield code="a">Letras y bytes</subfield><subfield code="b">escrituras y nuevas tecnologías</subfield><subfield code="c">Francisca Noguerol, Mª Ángeles Pérez López y Vega Sánchez Aparicio (eds.)</subfield></datafield><datafield ind1=" " ind2="1" tag="264"><subfield code="a">Kassel</subfield><subfield code="b">Edition Reichenberger</subfield><subfield code="c">2015</subfield></datafield><datafield ind1=" " ind2=" " tag="300"><subfield code="a">244 p.</subfield><subfield code="b">ill.</subfield></datafield><datafield ind1=" " ind2=" " tag="336"><subfield code="b">txt</subfield><subfield code="2">rdacontent</subfield></datafield><datafield ind1=" " ind2=" " tag="337"><subfield code="b">n</subfield><subfield code="2">rdamedia</subfield></datafield><datafield ind1=" " ind2=" " tag="338"><subfield code="b">nc</subfield><subfield code="2">rdacarrier</subfield></datafield><datafield ind1="1" ind2=" " tag="490"><subfield code="a">Problemata literaria</subfield><subfield code="v">77</subfield></datafield><datafield ind1=" " ind2=" " tag="500"><subfield code="a">Abstracts en espagnol et en anglais en fin d'ouvrage</subfield></datafield><datafield ind1=" " ind2="7" tag="650"><subfield code="a">Internetliteratur</subfield><subfield code="0">(DE-588)4581486-7</subfield><subfield code="2">gnd</subfield></datafield><datafield ind1=" " ind2="7" tag="650"><subfield code="a">Neue Technologie</subfield><subfield code="0">(DE-588)4194462-8</subfield><subfield code="2">gnd</subfield></datafield><datafield ind1=" " ind2="7" tag="650"><subfield code="a">Social Media</subfield><subfield code="0">(DE-588)4639271-3</subfield><subfield code="2">gnd</subfield></datafield><datafield ind1=" " ind2="7" tag="650"><subfield code="a">Spanisch</subfield><subfield code="0">(DE-588)4077640-2</subfield><subfield code="2">gnd</subfield></datafield><datafield ind1=" " ind2="7" tag="650"><subfield code="a">Weblog</subfield><subfield code="0">(DE-588)4678688-0</subfield><subfield code="2">gnd</subfield></datafield><datafield ind1=" " ind2="7" tag="650"><subfield code="a">Littérature latino-américaine</subfield><subfield code="0">(IDREF)027236994</subfield><subfield code="2">idref</subfield></datafield><datafield ind1=" " ind2="7" tag="650"><subfield code="a">Littérature espagnole</subfield><subfield code="0">(IDREF)027236897</subfield><subfield code="2">idref</subfield></datafield><datafield ind1=" " ind2="7" tag="650"><subfield code="a">Internet</subfield><subfield code="0">(IDREF)032317468</subfield><subfield code="2">idref</subfield></datafield><datafield ind1=" " ind2="7" tag="650"><subfield code="a">Médias numériques</subfield><subfield code="0">(IDREF)035763566</subfield><subfield code="2">idref</subfield></datafield><datafield ind1=" " ind2="7" tag="650"><subfield code="a">Technologies de l'information et de la communication</subfield><subfield code="0">(IDREF)052499103</subfield><subfield code="2">idref</subfield></datafield><datafield ind1=" " ind2="7" tag="650"><subfield code="a">20e siècle (fin)-21e siècle (début)</subfield><subfield code="0">(RERO)A022450347</subfield><subfield code="2">rero</subfield></datafield><datafield ind1=" " ind2="7" tag="650"><subfield code="a">Neue Medien</subfield><subfield code="0">(DE-588)4196910-8</subfield><subfield code="2">gnd</subfield></datafield><datafield ind1=" " ind2="7" tag="650"><subfield code="a">Literatur</subfield><subfield code="0">(DE-588)4035964-5</subfield><subfield code="2">gnd</subfield></datafield><datafield ind1=" " ind2="7" tag="650"><subfield code="a">Medienwissenschaft</subfield><subfield code="0">(DE-588)4169194-5</subfield><subfield code="2">gnd</subfield></datafield><datafield ind1=" " ind2="7" tag="651"><subfield code="a">Spanien</subfield><subfield code="0">(DE-588)4055964-6</subfield><subfield code="2">gnd</subfield></datafield><datafield ind1=" " ind2="7" tag="655"><subfield code="a">[Études diverses]</subfield><subfield code="0">(RERO)A022249905</subfield><subfield code="2">rero</subfield></datafield><datafield ind1=" " ind2="7" tag="655"><subfield code="a">Aufsatzsammlung</subfield><subfield code="2">gnd-content</subfield></datafield><datafield ind1="1" ind2=" " tag="700"><subfield code="a">Noguerol Jiménez, Francisca</subfield><subfield code="0">(IDREF)050305565</subfield></datafield><datafield ind1="1" ind2=" " tag="700"><subfield code="a">Noguerol, Francisca</subfield><subfield code="0">(DE-588)1056393874</subfield></datafield><datafield ind1="1" ind2=" " tag="700"><subfield code="a">Pérez López, María Ángeles</subfield><subfield code="d">1967-</subfield><subfield code="0">(DE-588)1056701390</subfield></datafield><datafield ind1="1" ind2=" " tag="700"><subfield code="a">Sánchez Aparicio, Vega</subfield></datafield><datafield ind1="4" ind2=" " tag="856"><subfield code="3">Titelblatt und Inhaltsverzeichnis</subfield><subfield code="u">https://toc.library.ethz.ch/objects/pdf03/z01_978-3-944244-35-8_01.pdf</subfield><subfield code="q">pdf</subfield></datafield><datafield ind1=" " ind2=" " tag="830"><subfield code="a">Problemata literaria</subfield><subfield code="v">77</subfield><subfield code="w">(IDSBB)000381330DSV01</subfield></datafield><datafield ind1=" " ind2=" " tag="900"><subfield code="a">REROnoselfmerge</subfield></datafield><datafield ind1=" " ind2=" " tag="900"><subfield code="a">IDSZ2zbzmon201608l</subfield><subfield code="c">IDSZ2meyc</subfield><subfield code="d">IDSZ2zbzswk201704g</subfield><subfield code="e">IDSZ2kara</subfield></datafield><datafield ind1=" " ind2=" " tag="949"><subfield code="a">https://toc.library.ethz.ch/objects/pdf03/z01_978-3-944244-35-8_01.pdf</subfield></datafield><datafield ind1=" " ind2=" " tag="993"><subfield code="a">BFLA 268050</subfield><subfield code="x">ge/ules/a/15/107-10</subfield><subfield code="9">LOCAL</subfield></datafield></record>
</metadata></record>