<record><header><identifier>oai:alma.41SLSP_UGE:991000033019705502</identifier><datestamp>2024-03-08T01:31:41Z</datestamp><setSpec>uge_bcen_RapidILL_BOOK</setSpec><setSpec>uge_aaca_RapidILL_BOOK</setSpec><setSpec>uge_abels_RapidILL_BOOK</setSpec><setSpec>uge_dbu_RapidILL_BOOK</setSpec><setSpec>uge_cmu_RapidILL_BOOK</setSpec><setSpec>uge_mail_RapidILL_BOOK</setSpec><setSpec>uge_abbat_RapidILL_BOOK</setSpec><setSpec>UNIGE_ALL</setSpec><setSpec>uge_acar_RapidILL_BOOK</setSpec><setSpec>uge_aobs_RapidILL_BOOK</setSpec></header><metadata>
<record xmlns="http://www.loc.gov/MARC21/slim" xmlns:xsi="http://www.w3.org/2001/XMLSchema-instance" xsi:schemaLocation="http://www.loc.gov/MARC21/slim http://www.loc.gov/standards/marcxml/schema/MARC21slim.xsd"><leader>01555nam a2200421 c 4500</leader><controlfield tag="001">991000033019705502</controlfield><controlfield tag="005">20231129084104.0</controlfield><controlfield tag="008">201011s1995    sp ||||| |||| 00| ||spa d</controlfield><datafield ind1=" " ind2=" " tag="020"><subfield code="a">8437613523</subfield></datafield><datafield ind1=" " ind2=" " tag="035"><subfield code="a">(swissbib)227972198-41slsp_network</subfield></datafield><datafield ind1=" " ind2=" " tag="035"><subfield code="a">227972198</subfield><subfield code="9">ExL</subfield></datafield><datafield ind1=" " ind2=" " tag="035"><subfield code="a">(RERO)2180890-41slsp</subfield></datafield><datafield ind1=" " ind2=" " tag="035"><subfield code="a">(NEBIS)007940221EBI01</subfield></datafield><datafield ind1=" " ind2=" " tag="035"><subfield code="a">(IDSBB)001272103DSV01</subfield></datafield><datafield ind1=" " ind2=" " tag="035"><subfield code="a">(IDSSG)000106124HSB01</subfield></datafield><datafield ind1=" " ind2=" " tag="035"><subfield code="a">(EXLNZ-41SLSP_NETWORK)991085521529705501</subfield></datafield><datafield ind1=" " ind2=" " tag="040"><subfield code="a">RERO frbcuc</subfield><subfield code="d">CH-ZuSLS</subfield></datafield><datafield ind1=" " ind2="7" tag="072"><subfield code="a">es</subfield><subfield code="2">rero</subfield></datafield><datafield ind1=" " ind2="7" tag="072"><subfield code="a">ir</subfield><subfield code="2">SzZuIDS BS/BE</subfield></datafield><datafield ind1="1" ind2=" " tag="080"><subfield code="a">860&quot;19&quot;GAR7Asi</subfield></datafield><datafield ind1=" " ind2=" " tag="084"><subfield code="a">IP 3900</subfield><subfield code="2">rvk</subfield></datafield><datafield ind1=" " ind2=" " tag="084"><subfield code="a">IP 3901</subfield><subfield code="2">rvk</subfield></datafield><datafield ind1=" " ind2=" " tag="084"><subfield code="a">IP 3905</subfield><subfield code="2">rvk</subfield></datafield><datafield ind1="1" ind2=" " tag="100"><subfield code="6">880-01</subfield><subfield code="a">García Lorca, Federico</subfield><subfield code="d">1898-1936</subfield><subfield code="0">(IDREF)027323307</subfield><subfield code="4">cre</subfield></datafield><datafield ind1="1" ind2=" " tag="880"><subfield code="a">García Lorca, Federico</subfield><subfield code="d">1898-1936</subfield><subfield code="6">100-01</subfield><subfield code="0">(DE-588)118537598</subfield></datafield><datafield ind1="1" ind2="0" tag="245"><subfield code="a">Así que pasen cinco años</subfield><subfield code="b">leyenda del tiempo</subfield><subfield code="c">Federico García Lorca ; ed. de Margarita Ucelay</subfield></datafield><datafield ind1=" " ind2="1" tag="264"><subfield code="a">Madrid</subfield><subfield code="b">Cátedra</subfield><subfield code="c">1995</subfield></datafield><datafield ind1=" " ind2=" " tag="300"><subfield code="a">361 p.</subfield><subfield code="b">portr.</subfield><subfield code="c">18 cm</subfield></datafield><datafield ind1=" " ind2=" " tag="336"><subfield code="b">txt</subfield><subfield code="2">rdacontent</subfield></datafield><datafield ind1=" " ind2=" " tag="337"><subfield code="b">n</subfield><subfield code="2">rdamedia</subfield></datafield><datafield ind1=" " ind2=" " tag="338"><subfield code="b">nc</subfield><subfield code="2">rdacarrier</subfield></datafield><datafield ind1="1" ind2=" " tag="490"><subfield code="a">Letras hispánicas</subfield><subfield code="v">397</subfield></datafield><datafield ind1=" " ind2=" " tag="504"><subfield code="a">Literaturverz.: S. 177-184</subfield></datafield><datafield ind1="1" ind2="7" tag="600"><subfield code="a">García Lorca, Federico, 1898-1936</subfield><subfield code="d">1898-1936</subfield><subfield code="t">Así que pasen cinco años</subfield><subfield code="0">(DE-588)4400269-5</subfield><subfield code="2">gnd</subfield></datafield><datafield ind1="1" ind2=" " tag="700"><subfield code="6">880-02</subfield><subfield code="a">Ucelay, Margarita</subfield><subfield code="0">(RERO)A003917612</subfield></datafield><datafield ind1="1" ind2=" " tag="880"><subfield code="a">Ucelay, Margarita</subfield><subfield code="d">1916-2014</subfield><subfield code="6">700-02/(B</subfield><subfield code="0">(DE-588)1018418164</subfield></datafield><datafield ind1=" " ind2=" " tag="830"><subfield code="a">Letras hispánicas</subfield><subfield code="v">397</subfield><subfield code="w">(IDSSG)000302569HSB01</subfield></datafield><datafield ind1=" " ind2=" " tag="830"><subfield code="a">Letras hispánicas</subfield><subfield code="p">Cátedra</subfield><subfield code="v">397</subfield><subfield code="w">(RERO)0139749-41slsp</subfield></datafield><datafield ind1=" " ind2=" " tag="900"><subfield code="a">REROnoselfmerge</subfield></datafield><datafield ind1=" " ind2=" " tag="993"><subfield code="a">BFLA 107341</subfield><subfield code="x">ge/ules/a/96/566</subfield><subfield code="x">ge/ules/d/05/209</subfield><subfield code="9">LOCAL</subfield></datafield></record>
</metadata></record>