<record><header><identifier>oai:alma.41SLSP_UGE:991000033039705502</identifier><datestamp>2024-05-05T04:59:16Z</datestamp><setSpec>uge_cmu_RapidILL_JOURNAL</setSpec><setSpec>uge_aobs_RapidILL_JOURNAL</setSpec><setSpec>uge_aaca_RapidILL_JOURNAL</setSpec><setSpec>uge_abbat_RapidILL_JOURNAL</setSpec><setSpec>uge_bcen_RapidILL_JOURNAL</setSpec><setSpec>uge_mail_RapidILL_JOURNAL</setSpec><setSpec>uge_dbu_RapidILL_JOURNAL</setSpec><setSpec>UNIGE_ALL</setSpec><setSpec>uge_abels_RapidILL_JOURNAL</setSpec><setSpec>uge_acar_RapidILL_JOURNAL</setSpec></header><metadata>
<record xmlns="http://www.loc.gov/MARC21/slim" xmlns:xsi="http://www.w3.org/2001/XMLSchema-instance" xsi:schemaLocation="http://www.loc.gov/MARC21/slim http://www.loc.gov/standards/marcxml/schema/MARC21slim.xsd"><leader>01045nas a22002892c 4500</leader><controlfield tag="001">991000033039705502</controlfield><controlfield tag="005">20201230221934.0</controlfield><controlfield tag="008">201011c18839999ne  | p       0    |dut  </controlfield><datafield ind1=" " ind2=" " tag="019"><subfield code="a">Rekat nach ZDB-ID 201189-x</subfield><subfield code="5">NEBIS/E32, 2.2.2010</subfield></datafield><datafield ind1=" " ind2=" " tag="035"><subfield code="a">(swissbib)22359038X-41slsp_network</subfield></datafield><datafield ind1=" " ind2=" " tag="035"><subfield code="a">22359038X</subfield><subfield code="9">ExL</subfield></datafield><datafield ind1=" " ind2=" " tag="035"><subfield code="a">(NEBIS)005969251EBI01</subfield></datafield><datafield ind1=" " ind2=" " tag="035"><subfield code="a">(RERO)R008312718-41slsp</subfield></datafield><datafield ind1=" " ind2=" " tag="035"><subfield code="a">(EXLNZ-41SLSP_NETWORK)991053117159705501</subfield></datafield><datafield ind1=" " ind2=" " tag="040"><subfield code="a">SzZuIDS NEBIS SLM</subfield><subfield code="d">CH-ZuSLS</subfield></datafield><datafield ind1=" " ind2="7" tag="072"><subfield code="a">ar</subfield><subfield code="2">rero</subfield></datafield><datafield ind1="0" ind2="0" tag="245"><subfield code="a">Nieuwe drentse volksalmanak</subfield><subfield code="b">cultureel jaarboek voor Drenthe</subfield><subfield code="c">orgaan van het Provinciaal Museum van Drenthe ... [et al.]</subfield></datafield><datafield ind1="1" ind2=" " tag="246"><subfield code="i">Hauptsacht. bis 72.1954</subfield><subfield code="a">Nieuwe drentsche volksalmanak</subfield></datafield><datafield ind1="1" ind2=" " tag="246"><subfield code="i">Teilabdruck</subfield><subfield code="a">Van rendierjager tot ontginner</subfield></datafield><datafield ind1=" " ind2="1" tag="264"><subfield code="a">Assen</subfield></datafield><datafield ind1=" " ind2=" " tag="336"><subfield code="b">txt</subfield><subfield code="2">rdacontent</subfield></datafield><datafield ind1=" " ind2=" " tag="337"><subfield code="b">n</subfield><subfield code="2">rdamedia</subfield></datafield><datafield ind1=" " ind2=" " tag="338"><subfield code="b">nc</subfield><subfield code="2">rdacarrier</subfield></datafield><datafield ind1="0" ind2=" " tag="362"><subfield code="a">1 (1883)-</subfield></datafield><datafield ind1="2" ind2=" " tag="710"><subfield code="a">Provinciaal Museum van Drenthe</subfield><subfield code="0">(DE-588)40042-7</subfield></datafield><datafield ind1="0" ind2=" " tag="777"><subfield code="t">Oudheidkundige aantekeningen over Drentse vondsten</subfield></datafield><datafield ind1=" " ind2=" " tag="900"><subfield code="a">NEBISnoselfmerge</subfield></datafield><datafield ind1=" " ind2=" " tag="900"><subfield code="a">REROnoselfmerge</subfield></datafield></record>
</metadata></record>