<record><header><identifier>oai:alma.41SLSP_UGE:991000032929705502</identifier><datestamp>2023-04-12T00:10:40Z</datestamp><setSpec>uge_bcen_RapidILL_BOOK</setSpec><setSpec>uge_aaca_RapidILL_BOOK</setSpec><setSpec>uge_abels_RapidILL_BOOK</setSpec><setSpec>uge_dbu_RapidILL_BOOK</setSpec><setSpec>uge_cmu_RapidILL_BOOK</setSpec><setSpec>uge_mail_RapidILL_BOOK</setSpec><setSpec>uge_abbat_RapidILL_BOOK</setSpec><setSpec>UNIGE_ALL</setSpec><setSpec>uge_aobs_RapidILL_BOOK</setSpec><setSpec>uge_acar_RapidILL_BOOK</setSpec></header><metadata>
<record xmlns="http://www.loc.gov/MARC21/slim" xmlns:xsi="http://www.w3.org/2001/XMLSchema-instance" xsi:schemaLocation="http://www.loc.gov/MARC21/slim http://www.loc.gov/standards/marcxml/schema/MARC21slim.xsd"><leader>02985nam a2200745 c 4500</leader><controlfield tag="001">991000032929705502</controlfield><controlfield tag="005">20230411165026.0</controlfield><controlfield tag="008">201012s2002    xxka|||| |||| 10| ||eng d</controlfield><datafield ind1=" " ind2=" " tag="020"><subfield code="a">9780521006132</subfield><subfield code="q">pbk.</subfield></datafield><datafield ind1=" " ind2=" " tag="020"><subfield code="a">9780521803540</subfield><subfield code="q">hardback</subfield></datafield><datafield ind1=" " ind2=" " tag="020"><subfield code="a">0521803543</subfield><subfield code="q">hardback</subfield></datafield><datafield ind1=" " ind2=" " tag="020"><subfield code="a">0521006139</subfield><subfield code="q">paperback</subfield></datafield><datafield ind1=" " ind2=" " tag="020"><subfield code="a">9780511606397</subfield><subfield code="q">ebook</subfield></datafield><datafield ind1=" " ind2=" " tag="035"><subfield code="a">(swissbib)236116681-41slsp_network</subfield></datafield><datafield ind1=" " ind2=" " tag="035"><subfield code="a">236116681</subfield><subfield code="9">ExL</subfield></datafield><datafield ind1=" " ind2=" " tag="035"><subfield code="a">(RERO)R005105789-41slsp</subfield></datafield><datafield ind1=" " ind2=" " tag="035"><subfield code="a">(NEBIS)004303091EBI01</subfield></datafield><datafield ind1=" " ind2=" " tag="035"><subfield code="a">(EXLNZ-41SLSP_NETWORK)991075910679705501</subfield></datafield><datafield ind1=" " ind2=" " tag="040"><subfield code="a">UKM</subfield><subfield code="d">CH-ZuSLS VGE</subfield></datafield><datafield ind1="0" ind2="0" tag="060"><subfield code="a">2002 J-861</subfield></datafield><datafield ind1="1" ind2="0" tag="060"><subfield code="a">QL 737.P9</subfield><subfield code="b">B419 2002</subfield></datafield><datafield ind1=" " ind2="7" tag="072"><subfield code="a">zo</subfield><subfield code="2">rero</subfield></datafield><datafield ind1="7" ind2="4" tag="082"><subfield code="a">590</subfield><subfield code="2">23sdnb</subfield></datafield><datafield ind1="0" ind2="0" tag="082"><subfield code="a">599.885/15</subfield><subfield code="2">21</subfield></datafield><datafield ind1="0" ind2="4" tag="082"><subfield code="a">599.885 15</subfield><subfield code="2">21</subfield></datafield><datafield ind1="0" ind2="4" tag="082"><subfield code="a">599.885</subfield><subfield code="2">21</subfield></datafield><datafield ind1="1" ind2="4" tag="082"><subfield code="a">599.881 5</subfield><subfield code="2">22</subfield></datafield><datafield ind1="1" ind2="4" tag="082"><subfield code="a">599.88</subfield><subfield code="2">22</subfield></datafield><datafield ind1="0" ind2="0" tag="245"><subfield code="a">Behavioural diversity in chimpanzees and bonobos</subfield><subfield code="c">edited by Christophe Boesch, Gottfried Hohmann, Linda F. Marchant</subfield></datafield><datafield ind1=" " ind2="1" tag="264"><subfield code="a">Cambridge</subfield><subfield code="b">Cambridge University Press</subfield><subfield code="c">2002</subfield></datafield><datafield ind1=" " ind2=" " tag="300"><subfield code="a">X, 285 pages</subfield><subfield code="b">illustrations</subfield><subfield code="c">26 cm</subfield></datafield><datafield ind1=" " ind2=" " tag="336"><subfield code="b">txt</subfield><subfield code="2">rdacontent</subfield></datafield><datafield ind1=" " ind2=" " tag="337"><subfield code="b">n</subfield><subfield code="2">rdamedia</subfield></datafield><datafield ind1=" " ind2=" " tag="338"><subfield code="b">nc</subfield><subfield code="2">rdacarrier</subfield></datafield><datafield ind1=" " ind2=" " tag="500"><subfield code="a">&quot;This book comes from a conference on &quot;Behavioural diversity in chimpanzees and bonobos,&quot; held 11-17 June 2000 at the monastery of Seeon in southern Bavaria, Germany&quot;--Pref</subfield></datafield><datafield ind1=" " ind2=" " tag="504"><subfield code="a">Includes bibliographical references and index</subfield></datafield><datafield ind1=" " ind2="7" tag="650"><subfield code="a">Éthologie</subfield><subfield code="0">(IDREF)028722191</subfield><subfield code="2">idref</subfield></datafield><datafield ind1=" " ind2="2" tag="650"><subfield code="a">Pan paniscus</subfield></datafield><datafield ind1=" " ind2="2" tag="650"><subfield code="a">Pan troglodytes</subfield></datafield><datafield ind1=" " ind2="2" tag="650"><subfield code="a">Behavior, Animal</subfield></datafield><datafield ind1=" " ind2="7" tag="650"><subfield code="a">Chimpanzés</subfield><subfield code="0">(IDREF)027799506</subfield><subfield code="2">idref</subfield></datafield><datafield ind1=" " ind2="7" tag="650"><subfield code="a">Bonobo</subfield><subfield code="0">(IDREF)032326319</subfield><subfield code="2">idref</subfield></datafield><datafield ind1=" " ind2="7" tag="650"><subfield code="a">Schimpanse</subfield><subfield code="2">idszbz</subfield></datafield><datafield ind1=" " ind2="7" tag="650"><subfield code="a">Sozialverhalten</subfield><subfield code="2">idszbz</subfield></datafield><datafield ind1=" " ind2="7" tag="650"><subfield code="a">Bonobo</subfield><subfield code="0">(DE-588)4146276-2</subfield><subfield code="2">gnd</subfield></datafield><datafield ind1=" " ind2="7" tag="650"><subfield code="a">Feldforschung</subfield><subfield code="0">(DE-588)4016674-0</subfield><subfield code="2">gnd</subfield></datafield><datafield ind1=" " ind2="7" tag="650"><subfield code="a">Schimpanse</subfield><subfield code="0">(DE-588)4179632-9</subfield><subfield code="2">gnd</subfield></datafield><datafield ind1=" " ind2="7" tag="650"><subfield code="a">Soziobiologie</subfield><subfield code="0">(DE-588)4069490-2</subfield><subfield code="2">gnd</subfield></datafield><datafield ind1=" " ind2="0" tag="650"><subfield code="a">Bonobo</subfield><subfield code="x">Behavior</subfield><subfield code="v">Congresses</subfield></datafield><datafield ind1=" " ind2="0" tag="650"><subfield code="a">Bonobo</subfield><subfield code="x">Behavior</subfield><subfield code="x">Congresses</subfield></datafield><datafield ind1=" " ind2="0" tag="650"><subfield code="a">Chimpanzees</subfield><subfield code="x">Behavior</subfield><subfield code="v">Congresses</subfield></datafield><datafield ind1=" " ind2="0" tag="650"><subfield code="a">Chimpanzees</subfield><subfield code="x">Behavior</subfield><subfield code="x">Congresses</subfield></datafield><datafield ind1=" " ind2="7" tag="650"><subfield code="a">AUFSATZSAMMLUNGEN (DOKUMENTENTYP)</subfield><subfield code="9">ger</subfield><subfield code="0">(ETHUDK)000009249</subfield><subfield code="2">ethudk</subfield></datafield><datafield ind1=" " ind2="7" tag="650"><subfield code="a">PAN (ZOOLOGIE)</subfield><subfield code="9">ger</subfield><subfield code="0">(ETHUDK)000025832</subfield><subfield code="2">ethudk</subfield></datafield><datafield ind1=" " ind2="7" tag="650"><subfield code="a">SOZIALVERHALTEN (TIERSOZIOLOGIE)</subfield><subfield code="9">ger</subfield><subfield code="0">(ETHUDK)000024667</subfield><subfield code="2">ethudk</subfield></datafield><datafield ind1=" " ind2="7" tag="650"><subfield code="a">TIERETHOLOGIE</subfield><subfield code="9">ger</subfield><subfield code="0">(ETHUDK)000024602</subfield><subfield code="2">ethudk</subfield></datafield><datafield ind1=" " ind2="7" tag="650"><subfield code="a">VERERBUNG UND VARIATION ALS EVOLUTIONSFAKTOREN (BIOLOGISCHE EVOLUTION)</subfield><subfield code="9">ger</subfield><subfield code="0">(ETHUDK)000021557</subfield><subfield code="2">ethudk</subfield></datafield><datafield ind1=" " ind2="7" tag="651"><subfield code="a">Seeon-Seebruck</subfield><subfield code="0">(DE-588)4054173-3</subfield><subfield code="2">gnd</subfield></datafield><datafield ind1=" " ind2="2" tag="655"><subfield code="a">Congress</subfield></datafield><datafield ind1=" " ind2="7" tag="655"><subfield code="a">Aufsatzsammlung</subfield><subfield code="2">idszbz</subfield></datafield><datafield ind1=" " ind2=" " tag="690"><subfield code="a">20A</subfield><subfield code="d">Primatologie - Verhalten</subfield><subfield code="2">uzb-UB</subfield></datafield><datafield ind1="1" ind2=" " tag="700"><subfield code="a">Hohmann, Gottfried</subfield><subfield code="d">19..-....</subfield><subfield code="0">(IDREF)086217984</subfield><subfield code="4">edt</subfield></datafield><datafield ind1="1" ind2=" " tag="700"><subfield code="a">Marchant, Linda Frances</subfield><subfield code="d">1951-....</subfield><subfield code="0">(IDREF)075181614</subfield><subfield code="4">edt</subfield></datafield><datafield ind1="1" ind2=" " tag="700"><subfield code="a">Boesch, Christophe</subfield><subfield code="0">(IDREF)053456459</subfield><subfield code="4">edt</subfield></datafield><datafield ind1=" " ind2=" " tag="900"><subfield code="a">REROnoselfmerge</subfield></datafield><datafield ind1=" " ind2=" " tag="900"><subfield code="a">IDSZ2zbzmon200209e</subfield><subfield code="c">IDSZ2sjö</subfield><subfield code="d">IDSZ2zbzswk200210b</subfield><subfield code="e">IDSZ2wart</subfield></datafield></record>
</metadata></record>