<record><header><identifier>oai:alma.41SLSP_UGE:991000033469705502</identifier><datestamp>2024-10-16T00:31:41Z</datestamp><setSpec>uge_bcen_RapidILL_BOOK</setSpec><setSpec>uge_aaca_RapidILL_BOOK</setSpec><setSpec>uge_abels_RapidILL_BOOK</setSpec><setSpec>uge_dbu_RapidILL_BOOK</setSpec><setSpec>uge_cmu_RapidILL_BOOK</setSpec><setSpec>uge_mail_RapidILL_BOOK</setSpec><setSpec>uge_abbat_RapidILL_BOOK</setSpec><setSpec>UNIGE_ALL</setSpec><setSpec>uge_aobs_RapidILL_BOOK</setSpec><setSpec>uge_acar_RapidILL_BOOK</setSpec></header><metadata>
<record xmlns="http://www.loc.gov/MARC21/slim" xmlns:xsi="http://www.w3.org/2001/XMLSchema-instance" xsi:schemaLocation="http://www.loc.gov/MARC21/slim http://www.loc.gov/standards/marcxml/schema/MARC21slim.xsd"><leader>01815nam a2200445 c 4500</leader><controlfield tag="001">991000033469705502</controlfield><controlfield tag="005">20230411211447.0</controlfield><controlfield tag="008">201011s1991    it ||||| |||| 00| ||ita d</controlfield><datafield ind1=" " ind2=" " tag="020"><subfield code="a">8876870113</subfield></datafield><datafield ind1=" " ind2=" " tag="035"><subfield code="a">(swissbib)224311212-41slsp_network</subfield></datafield><datafield ind1=" " ind2=" " tag="035"><subfield code="a">224311212</subfield><subfield code="9">ExL</subfield></datafield><datafield ind1=" " ind2=" " tag="035"><subfield code="a">(RERO)1658768-41slsp</subfield></datafield><datafield ind1=" " ind2=" " tag="035"><subfield code="a">(IDSBB)001006928DSV01</subfield></datafield><datafield ind1=" " ind2=" " tag="035"><subfield code="a">(IDSLU)000070480ILU01</subfield></datafield><datafield ind1=" " ind2=" " tag="035"><subfield code="a">(EXLNZ-41SLSP_NETWORK)991054195549705501</subfield></datafield><datafield ind1=" " ind2=" " tag="040"><subfield code="a">RERO geulit</subfield><subfield code="d">CH-ZuSLS</subfield></datafield><datafield ind1="0" ind2=" " tag="041"><subfield code="a">ita</subfield><subfield code="a">lat</subfield></datafield><datafield ind1=" " ind2="7" tag="072"><subfield code="a">it</subfield><subfield code="2">rero</subfield></datafield><datafield ind1=" " ind2="7" tag="072"><subfield code="a">it</subfield><subfield code="2">SzZuIDS BS/BE</subfield></datafield><datafield ind1=" " ind2="7" tag="072"><subfield code="a">596</subfield><subfield code="2">IDS LU</subfield></datafield><datafield ind1="1" ind2=" " tag="100"><subfield code="a">Aretino, Pietro</subfield><subfield code="d">1492-1556</subfield><subfield code="0">(DE-588)118650033</subfield><subfield code="6">880-01</subfield></datafield><datafield ind1="1" ind2=" " tag="880"><subfield code="6">100-01</subfield><subfield code="a">Arétin, L'</subfield><subfield code="d">1492-1556</subfield><subfield code="0">(IDREF)026689987</subfield><subfield code="4">cre</subfield></datafield><datafield ind1="1" ind2="0" tag="245"><subfield code="a">&lt;&lt;L'&gt;&gt;Orazia</subfield><subfield code="c">Pietro Aretino ; ed. critica a cura di Michael Lettieri ; con un saggio sulla storia della critica e una nota bibliografica di Rocco Mario Morano</subfield></datafield><datafield ind1=" " ind2="1" tag="264"><subfield code="a">Rovito</subfield><subfield code="b">Marra</subfield><subfield code="c">1991</subfield></datafield><datafield ind1=" " ind2=" " tag="300"><subfield code="a">CCCXIX, 232 p.</subfield><subfield code="b">ill.</subfield><subfield code="c">22 cm</subfield></datafield><datafield ind1=" " ind2=" " tag="336"><subfield code="b">txt</subfield><subfield code="2">rdacontent</subfield></datafield><datafield ind1=" " ind2=" " tag="337"><subfield code="b">n</subfield><subfield code="2">rdamedia</subfield></datafield><datafield ind1=" " ind2=" " tag="338"><subfield code="b">nc</subfield><subfield code="2">rdacarrier</subfield></datafield><datafield ind1="1" ind2=" " tag="490"><subfield code="a">Iride</subfield><subfield code="v">6</subfield></datafield><datafield ind1=" " ind2=" " tag="504"><subfield code="a">Nota bibliografica ; Le edizioni dell'Orazia : p. CCXLIII-CCCI</subfield></datafield><datafield ind1="0" ind2=" " tag="505"><subfield code="a">Titi Livi Ab urbe condita (I XXIII-XXVI), con volgarizzamento a fronte di Jacopo Nardi</subfield></datafield><datafield ind1="0" ind2="7" tag="600"><subfield code="a">Arétin, L'</subfield><subfield code="d">1492-1556</subfield><subfield code="t">&lt;&lt;L'&gt;&gt;orazia</subfield><subfield code="0">(IDREF)033181012</subfield><subfield code="2">idref</subfield></datafield><datafield ind1="1" ind2="2" tag="700"><subfield code="a">Livius Patavinus, Titus</subfield><subfield code="t">Ab urbe condita</subfield></datafield><datafield ind1="1" ind2=" " tag="700"><subfield code="a">Nardi, Jacopo</subfield><subfield code="d">1476-1563?</subfield><subfield code="0">(IDREF)028801512</subfield></datafield><datafield ind1="1" ind2=" " tag="700"><subfield code="a">Livius Patavinus, Titus</subfield></datafield><datafield ind1="1" ind2=" " tag="700"><subfield code="a">Morano, Rocco Mario</subfield><subfield code="0">(IDREF)032446489</subfield></datafield><datafield ind1="1" ind2=" " tag="700"><subfield code="a">Lettieri, Michael</subfield><subfield code="0">(IDREF)123047420</subfield></datafield><datafield ind1="4" ind2=" " tag="856"><subfield code="3">Inhaltsverzeichnis</subfield><subfield code="u">https://www.ub.unibas.ch/tox/HBZ/HT004559904/PDF</subfield><subfield code="q">pdf</subfield></datafield><datafield ind1=" " ind2="0" tag="830"><subfield code="a">Iride</subfield><subfield code="v">6</subfield><subfield code="w">(IDSBB)000802490DSV01</subfield></datafield><datafield ind1=" " ind2="0" tag="830"><subfield code="a">Iride</subfield><subfield code="p">Marra</subfield><subfield code="v">6</subfield><subfield code="w">(RERO)1172066-41slsp</subfield></datafield><datafield ind1=" " ind2=" " tag="949"><subfield code="a">https://www.ub.unibas.ch/tox/HBZ/HT004559904/PDF</subfield></datafield><datafield ind1=" " ind2=" " tag="993"><subfield code="a">BFLA 61879</subfield><subfield code="x">ge/ulit/a/93/190</subfield><subfield code="9">LOCAL</subfield></datafield></record>
</metadata></record>