<record><header><identifier>oai:alma.41SLSP_UGE:991000032949705502</identifier><datestamp>2023-11-25T01:52:41Z</datestamp><setSpec>uge_bcen_RapidILL_BOOK</setSpec><setSpec>uge_aaca_RapidILL_BOOK</setSpec><setSpec>uge_abels_RapidILL_BOOK</setSpec><setSpec>uge_dbu_RapidILL_BOOK</setSpec><setSpec>uge_cmu_RapidILL_BOOK</setSpec><setSpec>uge_mail_RapidILL_BOOK</setSpec><setSpec>uge_abbat_RapidILL_BOOK</setSpec><setSpec>UNIGE_ALL</setSpec><setSpec>uge_aobs_RapidILL_BOOK</setSpec><setSpec>uge_acar_RapidILL_BOOK</setSpec></header><metadata>
<record xmlns="http://www.loc.gov/MARC21/slim" xmlns:xsi="http://www.w3.org/2001/XMLSchema-instance" xsi:schemaLocation="http://www.loc.gov/MARC21/slim http://www.loc.gov/standards/marcxml/schema/MARC21slim.xsd"><leader>03078nam a2200625uc 4500</leader><controlfield tag="001">991000032949705502</controlfield><controlfield tag="005">20230629184147.0</controlfield><controlfield tag="008">201011s1998    fr            00| | fre d</controlfield><datafield ind1=" " ind2=" " tag="020"><subfield code="a">9287136475</subfield></datafield><datafield ind1="7" ind2=" " tag="024"><subfield code="a">http://catalogue.bnf.fr/ark:/12148/cb37175554g</subfield><subfield code="2">uri</subfield></datafield><datafield ind1=" " ind2=" " tag="035"><subfield code="a">(swissbib)217649114-41slsp_network</subfield></datafield><datafield ind1=" " ind2=" " tag="035"><subfield code="a">217649114</subfield><subfield code="9">ExL</subfield></datafield><datafield ind1=" " ind2=" " tag="035"><subfield code="a">(IDSBB)001607842DSV01</subfield></datafield><datafield ind1=" " ind2=" " tag="035"><subfield code="a">(RERO)R243240460-41slsp</subfield></datafield><datafield ind1=" " ind2=" " tag="035"><subfield code="a">(ALEX)bv80025144</subfield></datafield><datafield ind1=" " ind2=" " tag="035"><subfield code="a">(EXLNZ-41SLSP_NETWORK)991052943249705501</subfield></datafield><datafield ind1=" " ind2=" " tag="040"><subfield code="a">SzZuIDS BS/BE B465</subfield><subfield code="b">ger</subfield><subfield code="e">kids</subfield><subfield code="d">CH-ZuSLS</subfield></datafield><datafield ind1=" " ind2="7" tag="072"><subfield code="a">rw</subfield><subfield code="2">SzZuIDS BS/BE</subfield></datafield><datafield ind1=" " ind2="7" tag="072"><subfield code="a">dr</subfield><subfield code="2">rero</subfield></datafield><datafield ind1="1" ind2="4" tag="082"><subfield code="a">340</subfield><subfield code="2">15</subfield></datafield><datafield ind1=" " ind2=" " tag="084"><subfield code="a">D 22.1 c</subfield><subfield code="2">cjurrom</subfield></datafield><datafield ind1=" " ind2=" " tag="084"><subfield code="a">A 98.2 c</subfield><subfield code="2">cjurrom</subfield></datafield><datafield ind1=" " ind2=" " tag="084"><subfield code="a">D 18 c</subfield><subfield code="2">cjurrom</subfield></datafield><datafield ind1="0" ind2="0" tag="245"><subfield code="a">Intimidation des témoins et droits de la défense</subfield><subfield code="b">recommandation no R (97) 13 adoptée par le Comité des Ministres du Conseil de l'Europe, le 10 septembre 1997, et exposé des motifs</subfield><subfield code="c">[Conseil de l'Europe]</subfield></datafield><datafield ind1=" " ind2="1" tag="264"><subfield code="a">Strasbourg</subfield><subfield code="b">Ed. du Conseil de l'Europe</subfield><subfield code="c">1998</subfield></datafield><datafield ind1=" " ind2=" " tag="300"><subfield code="a">68 S.</subfield><subfield code="c">21 cm</subfield></datafield><datafield ind1=" " ind2=" " tag="336"><subfield code="b">txt</subfield><subfield code="2">rdacontent</subfield></datafield><datafield ind1=" " ind2=" " tag="337"><subfield code="b">n</subfield><subfield code="2">rdamedia</subfield></datafield><datafield ind1=" " ind2=" " tag="338"><subfield code="b">nc</subfield><subfield code="2">rdacarrier</subfield></datafield><datafield ind1="1" ind2=" " tag="490"><subfield code="a">Council of Europe = Conseil de l'Europe. Affaires juridiques. Recommandation</subfield><subfield code="v">No. 97,13</subfield></datafield><datafield ind1="1" ind2=" " tag="490"><subfield code="a">Références juridiques</subfield></datafield><datafield ind1=" " ind2=" " tag="500"><subfield code="a">L'édition anglaise a paru sous le titre: &quot;Intimidation of witnesses and the rights of the defence (Recommendation No. R (97) 13 and explanatory memorandum)&quot;</subfield></datafield><datafield ind1=" " ind2="7" tag="650"><subfield code="a">Zeuge</subfield><subfield code="x">Europarat</subfield><subfield code="2">idsbb</subfield></datafield><datafield ind1=" " ind2="7" tag="650"><subfield code="a">Europarat</subfield><subfield code="x">Zeuge</subfield><subfield code="2">idsbb</subfield></datafield><datafield ind1=" " ind2="7" tag="650"><subfield code="a">Europarat</subfield><subfield code="x">Strafverteidigung</subfield><subfield code="2">idsbb</subfield></datafield><datafield ind1=" " ind2="7" tag="650"><subfield code="a">Strafverteidigung</subfield><subfield code="x">Europarat</subfield><subfield code="2">idsbb</subfield></datafield><datafield ind1=" " ind2="7" tag="650"><subfield code="a">Zeuge</subfield><subfield code="9">ger</subfield><subfield code="0">(RERO)jurivoc000027030ger</subfield><subfield code="2">jurivoc</subfield></datafield><datafield ind1=" " ind2="7" tag="650"><subfield code="a">Strafprozess</subfield><subfield code="9">ger</subfield><subfield code="0">(RERO)jurivoc000021773ger</subfield><subfield code="2">jurivoc</subfield></datafield><datafield ind1=" " ind2="7" tag="650"><subfield code="a">Gewalt</subfield><subfield code="9">ger</subfield><subfield code="0">(RERO)jurivoc000010024ger</subfield><subfield code="2">jurivoc</subfield></datafield><datafield ind1=" " ind2="7" tag="650"><subfield code="a">Familie</subfield><subfield code="9">ger</subfield><subfield code="0">(RERO)jurivoc000008098ger</subfield><subfield code="2">jurivoc</subfield></datafield><datafield ind1=" " ind2="7" tag="650"><subfield code="a">kriminelle Organisation</subfield><subfield code="9">ger</subfield><subfield code="0">(RERO)jurivoc000013657ger</subfield><subfield code="2">jurivoc</subfield></datafield><datafield ind1=" " ind2="7" tag="650"><subfield code="a">Schutzmassnahme</subfield><subfield code="9">ger</subfield><subfield code="0">(RERO)jurivoc000019859ger</subfield><subfield code="2">jurivoc</subfield></datafield><datafield ind1=" " ind2="7" tag="650"><subfield code="a">Wirkung</subfield><subfield code="9">ger</subfield><subfield code="0">(RERO)jurivoc000026660ger</subfield><subfield code="2">jurivoc</subfield></datafield><datafield ind1=" " ind2="7" tag="650"><subfield code="a">Druck</subfield><subfield code="9">ger</subfield><subfield code="0">(RERO)jurivoc000005915ger</subfield><subfield code="2">jurivoc</subfield></datafield><datafield ind1=" " ind2="7" tag="650"><subfield code="a">Drohung(allgemein)</subfield><subfield code="9">ger</subfield><subfield code="0">(RERO)jurivoc000005913ger</subfield><subfield code="2">jurivoc</subfield></datafield><datafield ind1=" " ind2="7" tag="650"><subfield code="a">Empfehlung einer internationalen Organisation</subfield><subfield code="9">ger</subfield><subfield code="0">(RERO)jurivoc000006839ger</subfield><subfield code="2">jurivoc</subfield></datafield><datafield ind1=" " ind2="7" tag="650"><subfield code="a">Ministerkomitee</subfield><subfield code="9">ger</subfield><subfield code="0">(RERO)jurivoc000015139ger</subfield><subfield code="2">jurivoc</subfield></datafield><datafield ind1=" " ind2="7" tag="650"><subfield code="a">Europarat</subfield><subfield code="9">ger</subfield><subfield code="0">(RERO)jurivoc000007774ger</subfield><subfield code="2">jurivoc</subfield></datafield><datafield ind1=" " ind2="7" tag="650"><subfield code="a">défense en justice</subfield><subfield code="0">(RERO)A009952797</subfield><subfield code="2">rerovoc</subfield></datafield><datafield ind1=" " ind2="7" tag="650"><subfield code="a">Menaces</subfield><subfield code="0">(IDREF)034093885</subfield><subfield code="2">idref</subfield></datafield><datafield ind1=" " ind2="7" tag="650"><subfield code="a">Témoins</subfield><subfield code="0">(IDREF)02778603X</subfield><subfield code="2">idref</subfield></datafield><datafield ind1=" " ind2="7" tag="651"><subfield code="a">Europa</subfield><subfield code="9">ger</subfield><subfield code="0">(RERO)jurivoc000007642ger</subfield><subfield code="2">jurivoc</subfield></datafield><datafield ind1=" " ind2="7" tag="655"><subfield code="a">[Recommandations internationales]</subfield><subfield code="0">(IDREF)167675745</subfield><subfield code="2">idref</subfield></datafield><datafield ind1="2" ind2=" " tag="710"><subfield code="a">Conseil de l'Europe</subfield><subfield code="b">Comité des ministres</subfield><subfield code="0">(IDREF)026373149</subfield></datafield><datafield ind1="2" ind2=" " tag="710"><subfield code="a">Europarat</subfield><subfield code="0">(DE-588)36821-0</subfield></datafield><datafield ind1=" " ind2="0" tag="830"><subfield code="a">Affaires juridiques</subfield><subfield code="w">(RERO)0122817-41slsp</subfield></datafield><datafield ind1=" " ind2="0" tag="830"><subfield code="a">Council of Europe</subfield><subfield code="n">Affaires juridiques</subfield><subfield code="p">Recommandation ... adoptée par le Comité des ministres du Conseil de l'Europe le ... et exposé des motifs</subfield><subfield code="v">97/13</subfield><subfield code="w">(IDSBB)000355967DSV01</subfield></datafield></record>
</metadata></record>