<record><header><identifier>oai:alma.41SLSP_UGE:991000033049705502</identifier><datestamp>2023-03-01T01:09:17Z</datestamp><setSpec>uge_bcen_RapidILL_BOOK</setSpec><setSpec>uge_aaca_RapidILL_BOOK</setSpec><setSpec>uge_abels_RapidILL_BOOK</setSpec><setSpec>uge_dbu_RapidILL_BOOK</setSpec><setSpec>uge_cmu_RapidILL_BOOK</setSpec><setSpec>uge_mail_RapidILL_BOOK</setSpec><setSpec>UNIGE_ALL</setSpec><setSpec>uge_abbat_RapidILL_BOOK</setSpec><setSpec>uge_aobs_RapidILL_BOOK</setSpec><setSpec>uge_acar_RapidILL_BOOK</setSpec></header><metadata>
<record xmlns="http://www.loc.gov/MARC21/slim" xmlns:xsi="http://www.w3.org/2001/XMLSchema-instance" xsi:schemaLocation="http://www.loc.gov/MARC21/slim http://www.loc.gov/standards/marcxml/schema/MARC21slim.xsd"><leader>01073nam a2200277 c 4500</leader><controlfield tag="001">991000033049705502</controlfield><controlfield tag="005">20201225190543.0</controlfield><controlfield tag="008">000731s1981    xxc||||| |||| 00| ||spa d</controlfield><datafield ind1=" " ind2=" " tag="020"><subfield code="a">0770901182</subfield></datafield><datafield ind1=" " ind2=" " tag="035"><subfield code="a">(swissbib)082484015-41slsp_network</subfield></datafield><datafield ind1=" " ind2=" " tag="035"><subfield code="a">082484015</subfield><subfield code="9">ExL</subfield></datafield><datafield ind1=" " ind2=" " tag="035"><subfield code="a">(RERO)0940991-41slsp</subfield></datafield><datafield ind1=" " ind2=" " tag="035"><subfield code="a">(EXLNZ-41SLSP_NETWORK)991137420829705501</subfield></datafield><datafield ind1=" " ind2=" " tag="040"><subfield code="a">RERO neubfl</subfield><subfield code="d">CH-ZuSLS</subfield></datafield><datafield ind1=" " ind2="7" tag="072"><subfield code="a">es</subfield><subfield code="2">rero</subfield></datafield><datafield ind1="1" ind2=" " tag="100"><subfield code="a">Dragún, Osvaldo</subfield><subfield code="d">1929-1999</subfield><subfield code="0">(IDREF)029736641</subfield><subfield code="4">cre</subfield></datafield><datafield ind1="1" ind2="0" tag="245"><subfield code="a">Hoy se comen al flaco al violador</subfield><subfield code="b">teatro</subfield><subfield code="c">Osvaldo Dragún ; [ed. por Miguel Angel Giella, Peter Roster] ; [introd. y entrevistas por Miguel Angel Giella, Peter Roster, Leandro Urbina]</subfield></datafield><datafield ind1=" " ind2="1" tag="264"><subfield code="a">Ottawa</subfield><subfield code="b">GIROL Books</subfield><subfield code="c">1981</subfield></datafield><datafield ind1=" " ind2=" " tag="300"><subfield code="a">175 p.</subfield><subfield code="c">17 cm</subfield></datafield><datafield ind1=" " ind2=" " tag="336"><subfield code="b">txt</subfield><subfield code="2">rdacontent</subfield></datafield><datafield ind1=" " ind2=" " tag="337"><subfield code="b">n</subfield><subfield code="2">rdamedia</subfield></datafield><datafield ind1=" " ind2=" " tag="338"><subfield code="b">nc</subfield><subfield code="2">rdacarrier</subfield></datafield><datafield ind1="1" ind2=" " tag="490"><subfield code="a">Colleción Telón. Obras inéditas</subfield><subfield code="v">1</subfield></datafield><datafield ind1="1" ind2=" " tag="700"><subfield code="a">Giella, Miguel Angel</subfield><subfield code="0">(IDREF)057107270</subfield></datafield><datafield ind1="1" ind2="2" tag="700"><subfield code="a">Dragún, Osvaldo</subfield><subfield code="t">Teatro : hoy se comen al flaco al violador</subfield></datafield><datafield ind1=" " ind2=" " tag="830"><subfield code="a">Colección Telón</subfield><subfield code="p">Obras inéditas</subfield><subfield code="v">1</subfield><subfield code="w">(RERO)R003216483-41slsp</subfield></datafield><datafield ind1=" " ind2=" " tag="900"><subfield code="a">REROnoselfmerge</subfield></datafield><datafield ind1=" " ind2=" " tag="993"><subfield code="a">BFLA 115542</subfield><subfield code="x">ge/ules/a/98/346</subfield><subfield code="9">LOCAL</subfield></datafield></record>
</metadata></record>