<record><header><identifier>oai:alma.41SLSP_UGE:991000033149705502</identifier><datestamp>2023-04-10T00:46:45Z</datestamp><setSpec>uge_bcen_RapidILL_BOOK</setSpec><setSpec>uge_aaca_RapidILL_BOOK</setSpec><setSpec>uge_abels_RapidILL_BOOK</setSpec><setSpec>uge_dbu_RapidILL_BOOK</setSpec><setSpec>uge_cmu_RapidILL_BOOK</setSpec><setSpec>uge_mail_RapidILL_BOOK</setSpec><setSpec>uge_abbat_RapidILL_BOOK</setSpec><setSpec>UNIGE_ALL</setSpec><setSpec>uge_acar_RapidILL_BOOK</setSpec><setSpec>uge_aobs_RapidILL_BOOK</setSpec></header><metadata>
<record xmlns="http://www.loc.gov/MARC21/slim" xmlns:xsi="http://www.w3.org/2001/XMLSchema-instance" xsi:schemaLocation="http://www.loc.gov/MARC21/slim http://www.loc.gov/standards/marcxml/schema/MARC21slim.xsd"><leader>02611nam a2200529 c 4500</leader><controlfield tag="001">991000033149705502</controlfield><controlfield tag="005">20230409190736.0</controlfield><controlfield tag="008">201011t19901990gw ||||| |||| 00| ||ger d</controlfield><datafield ind1=" " ind2=" " tag="020"><subfield code="a">3540511679</subfield><subfield code="q">Springer Berlin</subfield></datafield><datafield ind1=" " ind2=" " tag="020"><subfield code="a">0387511679</subfield><subfield code="q">Springer New York</subfield></datafield><datafield ind1="7" ind2=" " tag="024"><subfield code="a">http://catalogue.bnf.fr/ark:/12148/cb37358976j</subfield><subfield code="2">uri</subfield></datafield><datafield ind1=" " ind2=" " tag="035"><subfield code="a">(swissbib)224341340-41slsp_network</subfield></datafield><datafield ind1=" " ind2=" " tag="035"><subfield code="a">224341340</subfield><subfield code="9">ExL</subfield></datafield><datafield ind1=" " ind2=" " tag="035"><subfield code="a">(RERO)1426122-41slsp</subfield></datafield><datafield ind1=" " ind2=" " tag="035"><subfield code="a">(NEBIS)000578974EBI01</subfield></datafield><datafield ind1=" " ind2=" " tag="035"><subfield code="a">(EXLNZ-41SLSP_NETWORK)991142154059705501</subfield></datafield><datafield ind1=" " ind2=" " tag="040"><subfield code="a">RERO geussp</subfield><subfield code="d">CH-ZuSLS</subfield></datafield><datafield ind1="0" ind2=" " tag="041"><subfield code="a">ger</subfield><subfield code="a">eng</subfield></datafield><datafield ind1=" " ind2="7" tag="072"><subfield code="a">py</subfield><subfield code="2">rero</subfield></datafield><datafield ind1=" " ind2="7" tag="072"><subfield code="a">ch</subfield><subfield code="2">rero</subfield></datafield><datafield ind1="0" ind2="0" tag="245"><subfield code="a">Organische Kation-Radikale, Bi- und Polyradikale</subfield><subfield code="b">Substanzenverzeichnis für die Bände II-1, II-9 undII-17 = Organic cation radicals, bi- and polyradicals : index of substances for volumes II-1, II-9, and II-17</subfield><subfield code="c">H.C. Chandra, A.R. Forrester... [et al.]</subfield></datafield><datafield ind1="1" ind2=" " tag="246"><subfield code="a">Organic cation radicals, bi- and polyradicals</subfield></datafield><datafield ind1=" " ind2="1" tag="264"><subfield code="a">Berlin</subfield><subfield code="a">Heidelberg [etc.]</subfield><subfield code="b">Springer</subfield><subfield code="c">1990</subfield></datafield><datafield ind1=" " ind2="4" tag="264"><subfield code="c">©1990</subfield></datafield><datafield ind1=" " ind2=" " tag="300"><subfield code="a">IX, 570 p.</subfield><subfield code="b">ill.</subfield><subfield code="c">28 cm</subfield></datafield><datafield ind1=" " ind2=" " tag="336"><subfield code="b">txt</subfield><subfield code="2">rdacontent</subfield></datafield><datafield ind1=" " ind2=" " tag="337"><subfield code="b">n</subfield><subfield code="2">rdamedia</subfield></datafield><datafield ind1=" " ind2=" " tag="338"><subfield code="b">nc</subfield><subfield code="2">rdacarrier</subfield></datafield><datafield ind1="1" ind2=" " tag="490"><subfield code="a">Zahlenwerte und Funktionen aus Naturwissenschaften und Technik. Neue Serie.</subfield><subfield code="v">Gruppe 2</subfield><subfield code="a">Atom- und Molekularphysik.</subfield><subfield code="v">Bd. 17</subfield><subfield code="a">Magnetische Eigenschaften freier Radikale : Ergänzung und Erweiterung zu Band 9</subfield><subfield code="v">Teilbd. h</subfield></datafield><datafield ind1=" " ind2=" " tag="504"><subfield code="a">Bibliogr</subfield></datafield><datafield ind1=" " ind2="7" tag="650"><subfield code="a">cation organique</subfield><subfield code="0">(RERO)A010061314</subfield><subfield code="2">rerovoc</subfield></datafield><datafield ind1=" " ind2="7" tag="650"><subfield code="a">Magnétisme</subfield><subfield code="0">(IDREF)027756149</subfield><subfield code="2">idref</subfield></datafield><datafield ind1=" " ind2="7" tag="650"><subfield code="a">Paramagnétisme</subfield><subfield code="0">(IDREF)027871703</subfield><subfield code="2">idref</subfield></datafield><datafield ind1=" " ind2="7" tag="650"><subfield code="a">Radicaux libres (chimie)</subfield><subfield code="0">(IDREF)029337577</subfield><subfield code="2">idref</subfield></datafield><datafield ind1=" " ind2="7" tag="650"><subfield code="a">FORMELTAFELN + ZAHLENTABELLEN (DOKUMENTENTYP)</subfield><subfield code="9">ger</subfield><subfield code="0">(ETHUDK)000000104</subfield><subfield code="2">ethudk</subfield></datafield><datafield ind1=" " ind2="7" tag="650"><subfield code="a">FREIE RADIKALE (CHEMIE)</subfield><subfield code="9">ger</subfield><subfield code="0">(ETHUDK)000016168</subfield><subfield code="2">ethudk</subfield></datafield><datafield ind1=" " ind2="7" tag="650"><subfield code="a">MAGNETISCHE EIGENSCHAFTEN (ELEKTRODYNAMIK)</subfield><subfield code="9">ger</subfield><subfield code="0">(ETHUDK)000015204</subfield><subfield code="2">ethudk</subfield></datafield><datafield ind1=" " ind2="7" tag="650"><subfield code="a">ORGANISCHE RADIKALE</subfield><subfield code="9">ger</subfield><subfield code="0">(ETHUDK)000017667</subfield><subfield code="2">ethudk</subfield></datafield><datafield ind1=" " ind2="7" tag="650"><subfield code="a">RADIKALKATIONEN (CHEMIE)</subfield><subfield code="9">ger</subfield><subfield code="0">(ETHUDK)000015886</subfield><subfield code="2">ethudk</subfield></datafield><datafield ind1=" " ind2="7" tag="655"><subfield code="a">Encyclopédies</subfield><subfield code="0">(IDREF)028638166</subfield><subfield code="2">idref</subfield></datafield><datafield ind1="1" ind2=" " tag="700"><subfield code="a">Forrester, A.R</subfield><subfield code="0">(RERO)A003253742</subfield></datafield><datafield ind1="1" ind2=" " tag="700"><subfield code="a">Chandra, H.C</subfield><subfield code="0">(RERO)A003094571</subfield></datafield><datafield ind1="0" ind2="2" tag="740"><subfield code="a">Substanzenverzeichnis für die Bände 2/1, 2/9 und 2/17</subfield></datafield><datafield ind1="0" ind2="2" tag="740"><subfield code="a">Index of substances for volumes 2/1, 2/9, and 2/17</subfield></datafield><datafield ind1=" " ind2=" " tag="830"><subfield code="a">Magnetische Eigenschaften freier Radikale</subfield><subfield code="v">H</subfield><subfield code="w">(RERO)0845089-41slsp</subfield></datafield><datafield ind1=" " ind2=" " tag="830"><subfield code="a">Zahlenwerte und Funktionen aus Naturwissenschaften und Technik</subfield><subfield code="p">Neue Serie</subfield><subfield code="v">2,17,H</subfield><subfield code="w">(RERO)0441913-41slsp</subfield></datafield><datafield ind1=" " ind2=" " tag="830"><subfield code="a">Atom- und Molekularphysik</subfield><subfield code="v">17,H</subfield><subfield code="w">(RERO)0441917-41slsp</subfield></datafield><datafield ind1=" " ind2=" " tag="900"><subfield code="a">REROnoselfmerge</subfield></datafield></record>
</metadata></record>