<record><header><identifier>oai:alma.41SLSP_UGE:991000033459705502</identifier><datestamp>2023-06-20T00:24:31Z</datestamp><setSpec>uge_bcen_RapidILL_BOOK</setSpec><setSpec>uge_aaca_RapidILL_BOOK</setSpec><setSpec>uge_abels_RapidILL_BOOK</setSpec><setSpec>uge_dbu_RapidILL_BOOK</setSpec><setSpec>uge_cmu_RapidILL_BOOK</setSpec><setSpec>uge_mail_RapidILL_BOOK</setSpec><setSpec>uge_abbat_RapidILL_BOOK</setSpec><setSpec>UNIGE_ALL</setSpec><setSpec>uge_acar_RapidILL_BOOK</setSpec><setSpec>uge_aobs_RapidILL_BOOK</setSpec></header><metadata>
<record xmlns="http://www.loc.gov/MARC21/slim" xmlns:xsi="http://www.w3.org/2001/XMLSchema-instance" xsi:schemaLocation="http://www.loc.gov/MARC21/slim http://www.loc.gov/standards/marcxml/schema/MARC21slim.xsd"><leader>04132nam a2200865 c 4500</leader><controlfield tag="001">991000033459705502</controlfield><controlfield tag="005">20230619202525.0</controlfield><controlfield tag="008">201011s2004    gw            10| | ger|d</controlfield><datafield ind1=" " ind2=" " tag="015"><subfield code="a">GFR-DNB-04,N21,0292</subfield></datafield><datafield ind1="7" ind2=" " tag="016"><subfield code="a">970968892</subfield><subfield code="2">GyFmDB</subfield></datafield><datafield ind1=" " ind2=" " tag="020"><subfield code="a">3451022095</subfield><subfield code="q">Kt.</subfield><subfield code="c">ca. EUR 24.90, ca. EUR AT 25.60, ca. CHF 43.70</subfield></datafield><datafield ind1=" " ind2=" " tag="035"><subfield code="a">(swissbib)223005517-41slsp_network</subfield></datafield><datafield ind1=" " ind2=" " tag="035"><subfield code="a">223005517</subfield><subfield code="9">ExL</subfield></datafield><datafield ind1=" " ind2=" " tag="035"><subfield code="a">(IDSBB)003467006DSV01</subfield></datafield><datafield ind1=" " ind2=" " tag="035"><subfield code="a">(RERO)R003737955-41slsp</subfield></datafield><datafield ind1=" " ind2=" " tag="035"><subfield code="a">(NEBIS)004913169EBI01</subfield></datafield><datafield ind1=" " ind2=" " tag="035"><subfield code="a">(IDSLU)000403622ILU01</subfield></datafield><datafield ind1=" " ind2=" " tag="035"><subfield code="a">(EXLNZ-41SLSP_NETWORK)991068821449705501</subfield></datafield><datafield ind1=" " ind2=" " tag="040"><subfield code="a">SzZuIDS BS/BE A252</subfield><subfield code="e">kids</subfield><subfield code="d">CH-ZuSLS</subfield></datafield><datafield ind1=" " ind2=" " tag="044"><subfield code="a">sz</subfield><subfield code="c">ch-bs</subfield></datafield><datafield ind1=" " ind2="7" tag="072"><subfield code="a">th</subfield><subfield code="2">SzZuIDS BS/BE</subfield></datafield><datafield ind1=" " ind2="7" tag="072"><subfield code="a">th</subfield><subfield code="2">rero</subfield></datafield><datafield ind1=" " ind2="7" tag="072"><subfield code="a">740</subfield><subfield code="2">IDS LU</subfield></datafield><datafield ind1="0" ind2="4" tag="082"><subfield code="a">220</subfield></datafield><datafield ind1=" " ind2=" " tag="084"><subfield code="a">6,22</subfield><subfield code="2">ssgn</subfield></datafield><datafield ind1=" " ind2=" " tag="084"><subfield code="a">BB 7000 - BB 9000</subfield><subfield code="2">rvk</subfield></datafield><datafield ind1=" " ind2=" " tag="084"><subfield code="a">BC 6770</subfield><subfield code="2">rvk</subfield></datafield><datafield ind1=" " ind2=" " tag="084"><subfield code="a">BC 6775</subfield><subfield code="2">rvk</subfield></datafield><datafield ind1=" " ind2=" " tag="084"><subfield code="a">BC 6970</subfield><subfield code="2">rvk</subfield></datafield><datafield ind1="0" ind2="0" tag="245"><subfield code="a">Mythisches in biblischer Bildsprache</subfield><subfield code="b">Gestalt und Verwandlung in Prophetie und Psalmen</subfield><subfield code="c">unter Mitarb. von Eberhard Bons ... [et al.] ; hrsg. von Hubert Irsigler</subfield></datafield><datafield ind1=" " ind2="1" tag="264"><subfield code="a">Freiburg i.Br.</subfield><subfield code="b">Herder</subfield><subfield code="c">2004</subfield></datafield><datafield ind1=" " ind2=" " tag="300"><subfield code="a">352 S.</subfield><subfield code="b">Ill.</subfield><subfield code="c">22 cm</subfield></datafield><datafield ind1=" " ind2=" " tag="336"><subfield code="b">txt</subfield><subfield code="2">rdacontent</subfield></datafield><datafield ind1=" " ind2=" " tag="337"><subfield code="b">n</subfield><subfield code="2">rdamedia</subfield></datafield><datafield ind1=" " ind2=" " tag="338"><subfield code="b">nc</subfield><subfield code="2">rdacarrier</subfield></datafield><datafield ind1="1" ind2=" " tag="490"><subfield code="a">Quaestiones disputatae</subfield><subfield code="v">209</subfield></datafield><datafield ind1=" " ind2=" " tag="500"><subfield code="a">Referate in überarbeiteter Fassung der Jahrestagung der &quot;Arbeitsgemeinschaft deutschsprachiger katholischer Alttestamentlerinnen und Alttestamentler&quot; vom 1.-5. September 2003 in Freiburg i.Br.</subfield></datafield><datafield ind1=" " ind2=" " tag="500"><subfield code="a">Beiträge der Jahrestagung der Arbeitsgemeinschaft der deutschsprachigen katholischen Alttestamentlerinnen und Alttestamentler, die vom 1.-5. September 2003 in Freiburg i.Br. stattfand</subfield></datafield><datafield ind1="0" ind2="7" tag="630"><subfield code="a">Bible</subfield><subfield code="p">AT</subfield><subfield code="0">(RERO)A009967307</subfield><subfield code="2">rero</subfield></datafield><datafield ind1="0" ind2="7" tag="630"><subfield code="a">Altes Testament</subfield><subfield code="2">idszbz</subfield></datafield><datafield ind1="0" ind2="7" tag="630"><subfield code="a">Bibel</subfield><subfield code="p">Altes Testament</subfield><subfield code="0">(DE-588)4001515-4</subfield><subfield code="2">gnd</subfield></datafield><datafield ind1="0" ind2="7" tag="630"><subfield code="a">Prophetische Bücher (Altes Testament)</subfield><subfield code="2">idszbz</subfield></datafield><datafield ind1="0" ind2="7" tag="630"><subfield code="a">Psalmen</subfield><subfield code="2">idszbz</subfield></datafield><datafield ind1="0" ind2="0" tag="630"><subfield code="a">Bible</subfield><subfield code="p">Minor Prophets</subfield><subfield code="x">Criticism, interpretation, etc</subfield></datafield><datafield ind1="0" ind2="0" tag="630"><subfield code="a">Bible</subfield><subfield code="p">Psalms</subfield><subfield code="x">Criticism, interpretation, etc</subfield></datafield><datafield ind1="0" ind2="7" tag="630"><subfield code="a">Bibel</subfield><subfield code="p">Altes Testament</subfield><subfield code="p">Prophetische Bücher</subfield><subfield code="0">(DE-588)4068610-3</subfield><subfield code="2">gnd</subfield></datafield><datafield ind1="0" ind2="7" tag="630"><subfield code="a">Bibel</subfield><subfield code="p">Psalmen</subfield><subfield code="0">(DE-588)4047632-7</subfield><subfield code="2">gnd</subfield></datafield><datafield ind1=" " ind2="7" tag="650"><subfield code="a">Psalmen</subfield><subfield code="x">Metapher</subfield><subfield code="v">Kongressbericht</subfield><subfield code="2">idsbb</subfield></datafield><datafield ind1=" " ind2="7" tag="650"><subfield code="a">Metapher</subfield><subfield code="x">Psalmen</subfield><subfield code="v">Kongressbericht</subfield><subfield code="2">idsbb</subfield></datafield><datafield ind1=" " ind2="7" tag="650"><subfield code="a">Prophet</subfield><subfield code="x">Altes Testament</subfield><subfield code="x">Metapher</subfield><subfield code="v">Kongressbericht</subfield><subfield code="2">idsbb</subfield></datafield><datafield ind1=" " ind2="7" tag="650"><subfield code="a">Metapher</subfield><subfield code="x">Prophet</subfield><subfield code="x">Altes Testament</subfield><subfield code="v">Kongressbericht</subfield><subfield code="2">idsbb</subfield></datafield><datafield ind1=" " ind2="7" tag="650"><subfield code="a">Altes Testament</subfield><subfield code="x">Prophet</subfield><subfield code="x">Metapher</subfield><subfield code="v">Kongressbericht</subfield><subfield code="2">idsbb</subfield></datafield><datafield ind1=" " ind2="7" tag="650"><subfield code="a">Sprachliches Bild</subfield><subfield code="x">Altes Testament</subfield><subfield code="v">Kongressbericht</subfield><subfield code="2">idsbb</subfield></datafield><datafield ind1=" " ind2="7" tag="650"><subfield code="a">Altes Testament</subfield><subfield code="x">Sprachliches Bild</subfield><subfield code="v">Kongressbericht</subfield><subfield code="2">idsbb</subfield></datafield><datafield ind1=" " ind2="7" tag="650"><subfield code="a">Mythe</subfield><subfield code="0">(IDREF)027240452</subfield><subfield code="2">idref</subfield></datafield><datafield ind1=" " ind2="7" tag="650"><subfield code="a">Bildersprache</subfield><subfield code="2">idszbz</subfield></datafield><datafield ind1=" " ind2="7" tag="650"><subfield code="a">Mythos</subfield><subfield code="2">idszbz</subfield></datafield><datafield ind1=" " ind2="7" tag="650"><subfield code="a">Gottesvorstellung</subfield><subfield code="0">(DE-588)4125333-4</subfield><subfield code="2">gnd</subfield></datafield><datafield ind1=" " ind2="7" tag="650"><subfield code="a">Kongress</subfield><subfield code="0">(DE-588)4130470-6</subfield><subfield code="2">gnd</subfield></datafield><datafield ind1=" " ind2="0" tag="650"><subfield code="a">Metaphor in the Bible</subfield></datafield><datafield ind1=" " ind2="0" tag="650"><subfield code="a">Myth in the Old Testament</subfield></datafield><datafield ind1=" " ind2="7" tag="650"><subfield code="a">Bildersprache</subfield><subfield code="0">(DE-588)4006619-8</subfield><subfield code="2">gnd</subfield></datafield><datafield ind1=" " ind2="7" tag="650"><subfield code="a">Mythos</subfield><subfield code="0">(DE-588)4075159-4</subfield><subfield code="2">gnd</subfield></datafield><datafield ind1=" " ind2="7" tag="651"><subfield code="a">Freiburg im Breisgau</subfield><subfield code="0">(DE-588)4018272-1</subfield><subfield code="2">gnd</subfield></datafield><datafield ind1=" " ind2="7" tag="655"><subfield code="a">Actes de congrès</subfield><subfield code="0">(IDREF)02886431X</subfield><subfield code="2">idref</subfield></datafield><datafield ind1=" " ind2="7" tag="655"><subfield code="a">Aufsatzsammlung</subfield><subfield code="2">idszbz</subfield></datafield><datafield ind1=" " ind2="7" tag="655"><subfield code="a">Konferenzschrift</subfield><subfield code="z">Freiburg (Breisgau)</subfield><subfield code="y">2003</subfield><subfield code="2">gnd-content</subfield></datafield><datafield ind1=" " ind2="7" tag="655"><subfield code="a">Konferenzschrift</subfield><subfield code="z">Freiburg im Breisgau</subfield><subfield code="y">2003</subfield><subfield code="2">gnd-content</subfield></datafield><datafield ind1="1" ind2=" " tag="700"><subfield code="a">Bons, Eberhard</subfield><subfield code="d">1958-</subfield><subfield code="0">(DE-588)112397751</subfield></datafield><datafield ind1="1" ind2=" " tag="700"><subfield code="a">Irsigler, Hubert</subfield><subfield code="d">1945-</subfield><subfield code="0">(DE-588)108967522</subfield><subfield code="6">880-03</subfield></datafield><datafield ind1="1" ind2=" " tag="880"><subfield code="6">700-03</subfield><subfield code="a">Irsigler, Hubert</subfield><subfield code="d">1945-....</subfield><subfield code="0">(IDREF)02875848X</subfield></datafield><datafield ind1="2" ind2=" " tag="710"><subfield code="a">Arbeitsgemeinschaft Deutschsprachiger Katholischer Alttestamentlerinnen und Alttestamentler</subfield><subfield code="b">Jahrestagung</subfield><subfield code="d">2003</subfield><subfield code="c">Freiburg im Breisgau</subfield><subfield code="0">(RERO)A012431933</subfield></datafield><datafield ind1="2" ind2=" " tag="711"><subfield code="a">Arbeitsgemeinschaft der Deutschsprachigen Katholischen Alttestamentlerinnen und Alttestamentler</subfield><subfield code="e">Jahrestagung</subfield><subfield code="0">(DE-588)1092346155</subfield></datafield><datafield ind1=" " ind2="0" tag="830"><subfield code="a">Quaestiones disputatae</subfield><subfield code="v">209</subfield><subfield code="w">(IDSBB)000042386DSV01</subfield></datafield><datafield ind1=" " ind2="0" tag="830"><subfield code="a">Quaestiones disputatae</subfield><subfield code="p">Herder</subfield><subfield code="v">209</subfield><subfield code="w">(RERO)0289264-41slsp</subfield></datafield><datafield ind1=" " ind2=" " tag="900"><subfield code="a">IDSZ2zbzmon200505i</subfield><subfield code="c">IDSZ2suse</subfield><subfield code="d">IDSZ2zbzswk200505b</subfield><subfield code="e">IDSZ2haag</subfield></datafield></record>
</metadata></record>