<record><header><identifier>oai:alma.41SLSP_UGE:991000033169705502</identifier><datestamp>2024-04-11T00:27:23Z</datestamp><setSpec>uge_bcen_RapidILL_BOOK</setSpec><setSpec>uge_aaca_RapidILL_BOOK</setSpec><setSpec>uge_abels_RapidILL_BOOK</setSpec><setSpec>uge_dbu_RapidILL_BOOK</setSpec><setSpec>uge_cmu_RapidILL_BOOK</setSpec><setSpec>uge_mail_RapidILL_BOOK</setSpec><setSpec>uge_abbat_RapidILL_BOOK</setSpec><setSpec>UNIGE_ALL</setSpec><setSpec>uge_aobs_RapidILL_BOOK</setSpec><setSpec>uge_acar_RapidILL_BOOK</setSpec></header><metadata>
<record xmlns="http://www.loc.gov/MARC21/slim" xmlns:xsi="http://www.w3.org/2001/XMLSchema-instance" xsi:schemaLocation="http://www.loc.gov/MARC21/slim http://www.loc.gov/standards/marcxml/schema/MARC21slim.xsd"><leader>09637nam a2201165 c 4500</leader><controlfield tag="001">991000033169705502</controlfield><controlfield tag="005">20240410141334.0</controlfield><controlfield tag="008">201011s2016    sz       m    000 0 ger|d</controlfield><datafield ind1=" " ind2=" " tag="019"><subfield code="a">Catalogage: décrit l'ex. commercial avec mention de thèse</subfield><subfield code="5">RERO/frbcuc/10.2016/0060</subfield></datafield><datafield ind1=" " ind2=" " tag="020"><subfield code="a">3725575991</subfield></datafield><datafield ind1=" " ind2=" " tag="020"><subfield code="a">9783725575992</subfield><subfield code="q">print</subfield></datafield><datafield ind1=" " ind2=" " tag="035"><subfield code="a">(swissbib)223712469-41slsp_network</subfield></datafield><datafield ind1=" " ind2=" " tag="035"><subfield code="a">223712469</subfield><subfield code="9">ExL</subfield></datafield><datafield ind1=" " ind2=" " tag="035"><subfield code="a">(IDSLU)001268980ILU01</subfield></datafield><datafield ind1=" " ind2=" " tag="035"><subfield code="a">(IDSSG)000895817HSB01</subfield></datafield><datafield ind1=" " ind2=" " tag="035"><subfield code="a">(NEBIS)010723882EBI01</subfield></datafield><datafield ind1=" " ind2=" " tag="035"><subfield code="a">(IDSBB)006641073DSV01</subfield></datafield><datafield ind1=" " ind2=" " tag="035"><subfield code="a">(RERO)R008521116-41slsp</subfield></datafield><datafield ind1=" " ind2=" " tag="035"><subfield code="a">(OCoLC)960690423</subfield></datafield><datafield ind1=" " ind2=" " tag="035"><subfield code="a">(ABN)000803127ABN01</subfield></datafield><datafield ind1=" " ind2=" " tag="035"><subfield code="a">(ALEX)bv9925884898501791</subfield></datafield><datafield ind1=" " ind2=" " tag="035"><subfield code="a">(EXLNZ-41SLSP_NETWORK)991036443069705501</subfield></datafield><datafield ind1=" " ind2=" " tag="040"><subfield code="a">SzZUIDS</subfield><subfield code="b">ger</subfield><subfield code="e">rda</subfield><subfield code="d">CH-ZuSLS</subfield></datafield><datafield ind1=" " ind2=" " tag="044"><subfield code="a">sz</subfield><subfield code="c">ch-zh</subfield></datafield><datafield ind1=" " ind2="7" tag="072"><subfield code="a">807</subfield><subfield code="2">IDS LU</subfield></datafield><datafield ind1=" " ind2="7" tag="072"><subfield code="a">826</subfield><subfield code="2">IDS LU</subfield></datafield><datafield ind1=" " ind2="7" tag="072"><subfield code="a">rw</subfield><subfield code="2">SzZuIDS BS/BE</subfield></datafield><datafield ind1=" " ind2="7" tag="072"><subfield code="a">dr</subfield><subfield code="2">rero</subfield></datafield><datafield ind1="0" ind2="4" tag="082"><subfield code="a">344.494012</subfield><subfield code="2">23</subfield></datafield><datafield ind1="1" ind2="4" tag="082"><subfield code="a">340</subfield><subfield code="2">15</subfield></datafield><datafield ind1=" " ind2=" " tag="084"><subfield code="a">340</subfield><subfield code="2">sdnb</subfield></datafield><datafield ind1=" " ind2=" " tag="084"><subfield code="a">CA/CH 55 h</subfield><subfield code="2">cjurrom</subfield></datafield><datafield ind1=" " ind2=" " tag="084"><subfield code="a">CA/CH 47 h</subfield><subfield code="2">cjurrom</subfield></datafield><datafield ind1="1" ind2=" " tag="100"><subfield code="6">880-01</subfield><subfield code="a">Andres, Roger</subfield><subfield code="0">(DE-588)1118627148</subfield><subfield code="4">aut</subfield></datafield><datafield ind1="1" ind2=" " tag="880"><subfield code="6">100-01</subfield><subfield code="a">Andres, Roger</subfield><subfield code="d">19..-....</subfield><subfield code="0">(IDREF)268153671</subfield><subfield code="4">cre</subfield></datafield><datafield ind1="1" ind2="0" tag="245"><subfield code="a">&lt;&lt;Die&gt;&gt; Normen der Arbeitssicherheit</subfield><subfield code="b">System und Kritik am Beispiel des Bauens</subfield><subfield code="c">Roger Andres</subfield></datafield><datafield ind1=" " ind2="1" tag="264"><subfield code="a">Zürich</subfield><subfield code="b">Schulthess Juristische Medien</subfield><subfield code="c">2016</subfield></datafield><datafield ind1=" " ind2=" " tag="300"><subfield code="a">LXXII, 427 Seiten</subfield></datafield><datafield ind1=" " ind2=" " tag="336"><subfield code="b">txt</subfield><subfield code="2">rdacontent</subfield></datafield><datafield ind1=" " ind2=" " tag="337"><subfield code="b">n</subfield><subfield code="2">rdamedia</subfield></datafield><datafield ind1=" " ind2=" " tag="338"><subfield code="b">nc</subfield><subfield code="2">rdacarrier</subfield></datafield><datafield ind1="0" ind2=" " tag="490"><subfield code="a">Freiburger Dissertation</subfield></datafield><datafield ind1="1" ind2=" " tag="490"><subfield code="a">Arbeiten aus dem Iuristischen Seminar der Universität Freiburg Schweiz</subfield><subfield code="v">363</subfield></datafield><datafield ind1=" " ind2=" " tag="500"><subfield code="a">Sachverz. und Verz. der zitierten Rechtsnormen</subfield></datafield><datafield ind1=" " ind2=" " tag="502"><subfield code="b">Dissertation</subfield><subfield code="c">Universität Freiburg (Schweiz)</subfield><subfield code="d">2016</subfield></datafield><datafield ind1=" " ind2=" " tag="504"><subfield code="a">Literaturverz.</subfield></datafield><datafield ind1=" " ind2="7" tag="650"><subfield code="a">Bauunternehmer</subfield><subfield code="0">(DE-588)4229529-4</subfield><subfield code="2">gnd</subfield></datafield><datafield ind1=" " ind2="7" tag="650"><subfield code="a">Arbeitsschutz</subfield><subfield code="0">(DE-588)4002771-5</subfield><subfield code="2">gnd</subfield></datafield><datafield ind1=" " ind2="7" tag="650"><subfield code="a">Arbeitsunfall</subfield><subfield code="0">(DE-588)4002794-6</subfield><subfield code="2">gnd</subfield></datafield><datafield ind1=" " ind2="7" tag="650"><subfield code="a">Sicherheit</subfield><subfield code="0">(DE-588)4054790-5</subfield><subfield code="2">gnd</subfield></datafield><datafield ind1=" " ind2="7" tag="650"><subfield code="a">Recht</subfield><subfield code="0">(DE-588)4048737-4</subfield><subfield code="2">gnd</subfield></datafield><datafield ind1=" " ind2="7" tag="650"><subfield code="a">ARBEITSHYGIENE + ARBEITSSICHERHEIT (ARBEITSRECHT)</subfield><subfield code="9">ger</subfield><subfield code="0">(ETHUDK)000011601</subfield><subfield code="2">ethudk</subfield></datafield><datafield ind1=" " ind2="7" tag="650"><subfield code="a">BAUWESEN (GEBAUTE UMWELT)</subfield><subfield code="9">ger</subfield><subfield code="0">(ETHUDK)000034946</subfield><subfield code="2">ethudk</subfield></datafield><datafield ind1=" " ind2="7" tag="650"><subfield code="a">SCHWEIZ (MITTELEUROPA). SCHWEIZERISCHE EIDGENOSSENSCHAFT</subfield><subfield code="9">ger</subfield><subfield code="0">(ETHUDK)000004571</subfield><subfield code="2">ethudk</subfield></datafield><datafield ind1=" " ind2="7" tag="650"><subfield code="a">Bauwesen</subfield><subfield code="0">(DE-588)4144204-0</subfield><subfield code="2">gnd</subfield></datafield><datafield ind1=" " ind2="7" tag="650"><subfield code="a">Sanktion</subfield><subfield code="0">(DE-588)4137830-1</subfield><subfield code="2">gnd</subfield></datafield><datafield ind1=" " ind2="7" tag="650"><subfield code="a">Schutzpflicht</subfield><subfield code="0">(DE-588)4133886-8</subfield><subfield code="2">gnd</subfield></datafield><datafield ind1=" " ind2="7" tag="650"><subfield code="a">Arbeitssicherheit</subfield><subfield code="0">(DE-588)4068817-3</subfield><subfield code="2">gnd</subfield></datafield><datafield ind1=" " ind2="7" tag="650"><subfield code="a">Arbeitgeber</subfield><subfield code="0">(DE-588)4002613-9</subfield><subfield code="2">gnd</subfield></datafield><datafield ind1=" " ind2="7" tag="650"><subfield code="a">Sécurité du travail</subfield><subfield code="0">(IDREF)027248518</subfield><subfield code="2">idref</subfield></datafield><datafield ind1=" " ind2="7" tag="650"><subfield code="a">Construction</subfield><subfield code="0">(IDREF)027286401</subfield><subfield code="2">idref</subfield></datafield><datafield ind1=" " ind2="7" tag="650"><subfield code="a">Normes</subfield><subfield code="0">(IDREF)027257207</subfield><subfield code="2">idref</subfield></datafield><datafield ind1=" " ind2="7" tag="650"><subfield code="a">Droit</subfield><subfield code="0">(IDREF)027466868</subfield><subfield code="2">idref</subfield></datafield><datafield ind1=" " ind2="7" tag="650"><subfield code="a">Arbeitssicherheit</subfield><subfield code="9">ger</subfield><subfield code="0">(RERO)jurivoc000001689ger</subfield><subfield code="2">jurivoc</subfield></datafield><datafield ind1=" " ind2="7" tag="650"><subfield code="a">Bauunternehmen</subfield><subfield code="9">ger</subfield><subfield code="0">(RERO)jurivoc000002852ger</subfield><subfield code="2">jurivoc</subfield></datafield><datafield ind1=" " ind2="7" tag="650"><subfield code="a">Verhütung von Berufsunfällen</subfield><subfield code="9">ger</subfield><subfield code="0">(RERO)jurivoc000024560ger</subfield><subfield code="2">jurivoc</subfield></datafield><datafield ind1=" " ind2="7" tag="650"><subfield code="a">Norm</subfield><subfield code="9">ger</subfield><subfield code="0">(RERO)jurivoc000016072ger</subfield><subfield code="2">jurivoc</subfield></datafield><datafield ind1=" " ind2="7" tag="650"><subfield code="a">Verhaltensnorm</subfield><subfield code="9">ger</subfield><subfield code="0">(RERO)jurivoc000024518ger</subfield><subfield code="2">jurivoc</subfield></datafield><datafield ind1=" " ind2="7" tag="650"><subfield code="a">Sanktion</subfield><subfield code="9">ger</subfield><subfield code="0">(RERO)jurivoc000019370ger</subfield><subfield code="2">jurivoc</subfield></datafield><datafield ind1=" " ind2="7" tag="650"><subfield code="a">Einzelarbeitsvertrag</subfield><subfield code="9">ger</subfield><subfield code="0">(RERO)jurivoc000006661ger</subfield><subfield code="2">jurivoc</subfield></datafield><datafield ind1=" " ind2="7" tag="650"><subfield code="a">Vertragshaftung</subfield><subfield code="9">ger</subfield><subfield code="0">(RERO)jurivoc000025256ger</subfield><subfield code="2">jurivoc</subfield></datafield><datafield ind1=" " ind2="7" tag="650"><subfield code="a">Schadenersatz</subfield><subfield code="9">ger</subfield><subfield code="0">(RERO)jurivoc000019411ger</subfield><subfield code="2">jurivoc</subfield></datafield><datafield ind1=" " ind2="7" tag="650"><subfield code="a">Genugtuung</subfield><subfield code="9">ger</subfield><subfield code="0">(RERO)jurivoc000009567ger</subfield><subfield code="2">jurivoc</subfield></datafield><datafield ind1=" " ind2="7" tag="650"><subfield code="a">strafbare Handlung</subfield><subfield code="9">ger</subfield><subfield code="0">(RERO)jurivoc000021644ger</subfield><subfield code="2">jurivoc</subfield></datafield><datafield ind1=" " ind2="7" tag="650"><subfield code="a">Gefährdungsdelikt</subfield><subfield code="9">ger</subfield><subfield code="0">(RERO)jurivoc000009183ger</subfield><subfield code="2">jurivoc</subfield></datafield><datafield ind1=" " ind2="7" tag="650"><subfield code="a">Strafanzeige</subfield><subfield code="9">ger</subfield><subfield code="0">(RERO)jurivoc000021636ger</subfield><subfield code="2">jurivoc</subfield></datafield><datafield ind1=" " ind2="7" tag="650"><subfield code="a">Suva</subfield><subfield code="9">ger</subfield><subfield code="0">(RERO)jurivoc000022075ger</subfield><subfield code="2">jurivoc</subfield></datafield><datafield ind1=" " ind2="7" tag="650"><subfield code="a">Verletzung des Amtsgeheimnisses(Strafrecht)</subfield><subfield code="9">ger</subfield><subfield code="0">(RERO)jurivoc000024662ger</subfield><subfield code="2">jurivoc</subfield></datafield><datafield ind1=" " ind2="7" tag="651"><subfield code="a">Schweiz</subfield><subfield code="0">(DE-588)4053881-3</subfield><subfield code="2">gnd</subfield></datafield><datafield ind1=" " ind2="7" tag="651"><subfield code="a">Suisse</subfield><subfield code="0">(IDREF)027249654</subfield><subfield code="2">idref</subfield></datafield><datafield ind1=" " ind2="7" tag="651"><subfield code="a">Schweiz</subfield><subfield code="9">ger</subfield><subfield code="0">(RERO)jurivoc000019912ger</subfield><subfield code="2">jurivoc</subfield></datafield><datafield ind1=" " ind2="7" tag="655"><subfield code="a">Hochschulschrift</subfield><subfield code="2">gnd-content</subfield></datafield><datafield ind1=" " ind2="7" tag="655"><subfield code="a">Thèses et écrits académiques</subfield><subfield code="0">(IDREF)027253139</subfield><subfield code="2">idref</subfield></datafield><datafield ind1=" " ind2=" " tag="690"><subfield code="a">Strafverfahren; Schuldrecht; Versicherungspflicht; Bundesgesetz; Sanktion; Arbeitsschutz; Vorschrift; Klage; Körperverletzung; Arbeitsleistung; Verzeichnis; Arbeitsverhältnis; Einleitung; Strafanzeige; Untersuchung; Arbeitnehmer; Bauarbeiten; Arbeitsverweigerung</subfield><subfield code="2">idssg-J</subfield></datafield><datafield ind1=" " ind2=" " tag="690"><subfield code="a">Kernnorm; Verhaltensnorm; Durchführungsverfahren; Verordnungsrecht; Erfüllungsklage; Arbeitsverweigerungsrecht; Kernstrafrecht; Nebenstrafrecht; Sanktionsnorm; Rechtslage; Tatbestandsmässigkeit; Arbeitsgesetz; Beschwerdeverfahren; Delegationsnorm; Literaturverzeichnis; Materialienverzeichnis; Regulierungsansatz; Unfallversicherungsgesetz; Verhaltensnormen; Verordnungsvorschrift; Verwaltungsverfahren; Zwischenfazit; Arbeitsinspektion; Arbeitsinspektorat; Ausgangslage; Fachinspektorat; Freizeichnungsmöglichkeit; Hilfspersonenhaftung; Integritätsentschädigung; Nichtanbringung; Nutzbarmachung; Prämienerhöhung; Rechtswidrigkeit; Verhaltensoption; Verhältnismässigkeit; Gesetzesrevision; Gesetzesvorschrift; Inhaltsübersicht; Messlatte; Rechtsanwendung; Regulierungskonzept; Sachverzeichnis; Teilrevision; Zwischenergebnis; Amtsgeheimnisverletzung; Beispielfall; Direktschaden; Durchführungsorgan; Enumerationsansatz; Fachorganisation; Leitfaden; Rechtsirrtum; Rechtswirkung; Revisionsvorschlag; Rückblick; Sonderfall; T; Verletzungsdelikt; Anfechtungsobjekt; Anspruchsgrundlage; Anzeigepraxis; Baukunde; Bezugspunkt; Bundesebene; Gefahrdung; Gefahrensatz; Hauptverantwortlicher; Koordinationskommission; Koordinationsproblem; Normengruppe; Produktehersteller; Rechtfertigungsgrund; Rechtsquelle; Revisionsbedarf; Schuldebene; Schutzpflicht; Stand der Technik; Straftatbestand; Unfallversicherungsanstalt; Ungehorsamsstrafe; Untersuchungsinteresse; Wortlaut</subfield><subfield code="2">idssg-J</subfield></datafield><datafield ind1=" " ind2=" " tag="690"><subfield code="a">berechtigter Arbeitnehmer; weiterer Akteur; weiterer Bezugspunkt; weitere Norm; anerkannter Rechtfertigungsgrund; anwendbares Gesetz; anwendbares Verfahrensrecht; anwendbare Verordnung; ausserstrafgesetzlicher Rechtfertigungsgrund; bedeutsamer Akteur; beschränkte Freizeichnungsmöglichkeit; dogmatische Begründung; dogmatische Einteilung; drittes Scharnier; dritter Teil; eidgenössische Arbeitsinspektion; eidgenössische Koordinationskommission; einzelnes Arbeitsverhältnis; einzelner Rechtfertigungsgrund; erstes Scharnier; erster Teil; exekutorische Sanktion; fahrlässige Körperverletzung; fahrlässige Tötung; fehlbarer Arbeitgeber; generelle Natur; gesetzliche Messlatte; gängige Terminologie; historischer Rückblick; innerstaatliche Rechtsquelle; institutioneller Akteur; internationaler Bezugspunkt; internationaler Einfluss; kantonales Arbeitsinspektorat; kohärentes Regulierungskonzept; konkretisierende Normengruppe; letzte Stufe; möglicher Ausweg; nachgelagerte Norm; negatorische Klage; rechtliche Bedeutung; rechtliche Einbettung; repressive Sanktion; risikobasierter Regulierungsansatz; risikoreiche Arbeit; schweizerische Unfallversicherungsanstalt; sechster Titel; soziale Unfallversicherung; sozialversicherungsrechtliches Verfahren; strafgesetzlicher Rechtfertigungsgrund; strafrechtliche Sanktionierung; technische Norm; thematische Eingrenzung; unmittelbarer Zwang; verbundenes Missverständnis; verfassungsrechtliche Verankerung; verpflichteter Arbeitnehmer; verschiedenes Instrument; verschiedener Zweig; verwaltungsrechtliche Sanktionierung; verweigerte Arbeit; viertes Scharnier; vierter Teil; völkerrechtliche Verpflichtung; weitere Formulierung; wesentliche Erkenntnis; wirtschaftliche Tragbarkeit; zitierte Rechtsnorm; zivilrechtliche Kernnorm; zivilrechtliche Sanktionierung; zweites Scharnier; zweiter Teil; öffentlichrechtliche Kernnorm</subfield><subfield code="2">idssg-J</subfield></datafield><datafield ind1=" " ind2=" " tag="690"><subfield code="a">Fidschi C8FIJI; Schweiz C4EXSI; Deutschland C4EUGE</subfield><subfield code="2">idssg-J</subfield></datafield><datafield ind1=" " ind2=" " tag="690"><subfield code="a">dritt Scharnier Verordnungsrecht; erst Teil Grundlagen; erst Scharnier Gesetz; fahrlässig Körperverletzung Art.; fahrlässig Tötung Art.; Inhaltsübersicht Literaturverzeichnis Verzeichnis; Messlatte Erfahrung Stand; New Approach; Peter Gauch; Roger ANDRES; schweizerisch Unfallversicherungsanstalt Suva; Sonderfall Ungehorsamsstrafe Art.; viert Scharnier EKASRichtlinie; zivilrechtlich Kernnorm Art.; zweit Scharnier Verordnungsrecht; öffentlichrechtlich Kernnormen Art.</subfield><subfield code="2">idssg-J</subfield></datafield><datafield ind1=" " ind2=" " tag="691"><subfield code="e">PC 55 CH</subfield><subfield code="2">rzs-L17</subfield></datafield><datafield ind1="0" ind2="8" tag="776"><subfield code="i">Erscheint auch als</subfield><subfield code="n">Online-Ausgabe</subfield><subfield code="t">&lt;&lt;Die&gt;&gt; Normen der Arbeitssicherheit</subfield><subfield code="w">991171222442605501</subfield></datafield><datafield ind1=" " ind2="0" tag="830"><subfield code="a">Arbeiten aus dem Juristischen Seminar der Universität Freiburg Schweiz</subfield><subfield code="v">363</subfield><subfield code="w">(RERO)0036054-41slsp</subfield></datafield><datafield ind1=" " ind2="0" tag="830"><subfield code="a">Arbeiten aus dem Juristischen Seminar der Universität Freiburg Schweiz</subfield><subfield code="v">363</subfield><subfield code="w">(IDSBB)000108465DSV01</subfield></datafield><datafield ind1=" " ind2="0" tag="830"><subfield code="a">Arbeiten aus dem Juristischen Seminar der Universität Freiburg Schweiz</subfield><subfield code="v">363</subfield><subfield code="w">(IDSSG)000002012HSB01</subfield></datafield><datafield ind1="4" ind2=" " tag="856"><subfield code="3">Titelblatt und Inhaltsverzeichnis</subfield><subfield code="u">https://toc.library.ethz.ch/objects/pdf03/z16_978-3-7255-7599-2_01.pdf</subfield><subfield code="q">pdf</subfield></datafield><datafield ind1="4" ind2=" " tag="856"><subfield code="3">Abstract / Autoreninformation</subfield><subfield code="u">https://toc.library.ethz.ch/objects/pdf03/e01_978-3-7255-7599-2_02.pdf</subfield><subfield code="q">pdf</subfield></datafield><datafield ind1=" " ind2=" " tag="900"><subfield code="a">IDSE5E51ANH-2020</subfield></datafield><datafield ind1=" " ind2=" " tag="900"><subfield code="a">IDSZ2rwimon201610p</subfield><subfield code="c">IDSZ2rosi 161005</subfield><subfield code="d">IDSZ2rwiswk201610b</subfield><subfield code="e">IDSZ2cont</subfield></datafield><datafield ind1=" " ind2=" " tag="900"><subfield code="a">IDSZ2zbzmon201610l</subfield><subfield code="c">IDSZ2kalh</subfield><subfield code="d">IDSZ2zbzswk201610g</subfield><subfield code="e">IDSZ2bruu</subfield></datafield><datafield ind1=" " ind2=" " tag="900"><subfield code="a">Stoppsignal FRED</subfield><subfield code="x">08.11.2016</subfield></datafield><datafield ind1=" " ind2=" " tag="949"><subfield code="a">https://toc.library.ethz.ch/objects/pdf03/z16_978-3-7255-7599-2_01.pdf</subfield></datafield><datafield ind1=" " ind2=" " tag="949"><subfield code="a">https://toc.library.ethz.ch/objects/pdf03/e01_978-3-7255-7599-2_02.pdf</subfield></datafield></record>
</metadata></record>