<record><header><identifier>oai:alma.41SLSP_UGE:991000033269705502</identifier><datestamp>2024-03-21T01:19:49Z</datestamp><setSpec>uge_bcen_RapidILL_BOOK</setSpec><setSpec>uge_aaca_RapidILL_BOOK</setSpec><setSpec>uge_abels_RapidILL_BOOK</setSpec><setSpec>uge_dbu_RapidILL_BOOK</setSpec><setSpec>uge_cmu_RapidILL_BOOK</setSpec><setSpec>uge_mail_RapidILL_BOOK</setSpec><setSpec>uge_abbat_RapidILL_BOOK</setSpec><setSpec>UNIGE_ALL</setSpec><setSpec>uge_acar_RapidILL_BOOK</setSpec><setSpec>uge_aobs_RapidILL_BOOK</setSpec></header><metadata>
<record xmlns="http://www.loc.gov/MARC21/slim" xmlns:xsi="http://www.w3.org/2001/XMLSchema-instance" xsi:schemaLocation="http://www.loc.gov/MARC21/slim http://www.loc.gov/standards/marcxml/schema/MARC21slim.xsd"><leader>03095nam a2200301 ca4500</leader><controlfield tag="001">991000033269705502</controlfield><controlfield tag="005">20240320224523.0</controlfield><controlfield tag="008">951023m19921993gr ||||| |||| 00| ||gre d</controlfield><datafield ind1=" " ind2=" " tag="019"><subfield code="a">Übergeordnete Aufnahme = Niveau supérieur = Livello superiore</subfield><subfield code="5">SLSP/2020</subfield></datafield><datafield ind1=" " ind2=" " tag="035"><subfield code="a">(swissbib)090489764-41slsp_network</subfield></datafield><datafield ind1=" " ind2=" " tag="035"><subfield code="a">090489764</subfield><subfield code="9">ExL</subfield></datafield><datafield ind1=" " ind2=" " tag="035"><subfield code="a">(RERO)2095845-41slsp</subfield></datafield><datafield ind1=" " ind2=" " tag="035"><subfield code="a">(EXLNZ-41SLSP_NETWORK)991049812849705501</subfield></datafield><datafield ind1=" " ind2=" " tag="040"><subfield code="a">RERO geulgm</subfield><subfield code="d">CH-ZuSLS</subfield></datafield><datafield ind1=" " ind2="7" tag="072"><subfield code="a">gr</subfield><subfield code="2">rero</subfield></datafield><datafield ind1="1" ind2=" " tag="100"><subfield code="6">880-01</subfield><subfield code="a">Chatzīpanagiōtídī, Anna</subfield><subfield code="d">19..-....</subfield><subfield code="0">(IDREF)157709248</subfield><subfield code="4">cre</subfield></datafield><datafield ind1="1" ind2=" " tag="880"><subfield code="6">100-01/(S</subfield><subfield code="a">Χατζηπαναγιωτίδη, Άννα</subfield></datafield><datafield ind1="1" ind2="0" tag="245"><subfield code="6">880-02</subfield><subfield code="a">&lt;&lt;Ta&gt;&gt; nea hellēnika gia xenoglōssa paidia 8-12 chronōn</subfield><subfield code="c">Anna Chatzēpanagiōtidē, [Apostolos Tsakalidēs]</subfield></datafield><datafield ind1="1" ind2="0" tag="880"><subfield code="6">245-02/(S</subfield><subfield code="a">&lt;&lt;Τα&gt;&gt; νέα ελληνικά για ξενόγλωσσα παιδιά 8-12 χρόνων</subfield><subfield code="c">Άννα Χατζηπαναγιωτίδη, [Απόστολος Τσακαλίδης]</subfield></datafield><datafield ind1="1" ind2=" " tag="246"><subfield code="a">Néa elli̲niká gia xenóglo̲ssa paidiá 8-12 chróno̲n / Ánna Chatzi̲panagio̲tídi̲, [Apóstolos Tsakalídi̲s]</subfield></datafield><datafield ind1=" " ind2="1" tag="264"><subfield code="6">880-03</subfield><subfield code="a">Thessaloníki̲</subfield><subfield code="b">Aristotéleio panepistí̲mio Thessaloníki̲s - Institoúto neoelli̲nikó̲n spoudó̲n - Ídryma Manóli̲ Trianḏafyllídi̲</subfield><subfield code="c">1992-1993</subfield></datafield><datafield ind1=" " ind2="1" tag="880"><subfield code="6">264-03/(S</subfield><subfield code="a">Θεσσαλονίκη</subfield><subfield code="b">Αριστοτέλειο πανεπιστήμιο Θεσσαλονίκης - Ινστιτούτο νεοελληνικών σπουδών - Ίδρυμα Μανόλη Τριανταφυλλίδη</subfield><subfield code="c">1992-1993</subfield></datafield><datafield ind1=" " ind2=" " tag="300"><subfield code="a">2 vol.</subfield><subfield code="b">ill.</subfield><subfield code="c">24 cm</subfield></datafield><datafield ind1=" " ind2=" " tag="336"><subfield code="b">txt</subfield><subfield code="2">rdacontent</subfield></datafield><datafield ind1=" " ind2=" " tag="337"><subfield code="b">n</subfield><subfield code="2">rdamedia</subfield></datafield><datafield ind1=" " ind2=" " tag="338"><subfield code="b">nc</subfield><subfield code="2">rdacarrier</subfield></datafield><datafield ind1=" " ind2="7" tag="650"><subfield code="a">Grec (langue) moderne</subfield><subfield code="0">(IDREF)02722841X</subfield><subfield code="2">idref</subfield></datafield><datafield ind1=" " ind2="7" tag="655"><subfield code="a">Manuels d'enseignement</subfield><subfield code="0">(IDREF)027446514</subfield><subfield code="2">idref</subfield></datafield><datafield ind1=" " ind2=" " tag="900"><subfield code="a">REROnoselfmerge</subfield></datafield></record>
</metadata></record>