<record><header><identifier>oai:alma.41SLSP_UGE:991000032849705502</identifier><datestamp>2023-04-12T00:10:41Z</datestamp><setSpec>uge_bcen_RapidILL_BOOK</setSpec><setSpec>uge_aaca_RapidILL_BOOK</setSpec><setSpec>uge_abels_RapidILL_BOOK</setSpec><setSpec>uge_dbu_RapidILL_BOOK</setSpec><setSpec>uge_cmu_RapidILL_BOOK</setSpec><setSpec>uge_mail_RapidILL_BOOK</setSpec><setSpec>uge_abbat_RapidILL_BOOK</setSpec><setSpec>UNIGE_ALL</setSpec><setSpec>uge_acar_RapidILL_BOOK</setSpec><setSpec>uge_aobs_RapidILL_BOOK</setSpec></header><metadata>
<record xmlns="http://www.loc.gov/MARC21/slim" xmlns:xsi="http://www.w3.org/2001/XMLSchema-instance" xsi:schemaLocation="http://www.loc.gov/MARC21/slim http://www.loc.gov/standards/marcxml/schema/MARC21slim.xsd"><leader>01376nam a2200337 c 4500</leader><controlfield tag="001">991000032849705502</controlfield><controlfield tag="005">20230411180517.0</controlfield><controlfield tag="008">050812s1975    xxk||||| |||| 00| ||eng d</controlfield><datafield ind1=" " ind2=" " tag="020"><subfield code="a">0080187927</subfield><subfield code="q">hard cover</subfield></datafield><datafield ind1=" " ind2=" " tag="020"><subfield code="a">0080187919</subfield><subfield code="q">flexicover</subfield></datafield><datafield ind1=" " ind2=" " tag="035"><subfield code="a">(swissbib)102260834-41slsp_network</subfield></datafield><datafield ind1=" " ind2=" " tag="035"><subfield code="a">102260834</subfield><subfield code="9">ExL</subfield></datafield><datafield ind1=" " ind2=" " tag="035"><subfield code="a">(RERO)R003888836-41slsp</subfield></datafield><datafield ind1=" " ind2=" " tag="035"><subfield code="a">(EXLNZ-41SLSP_NETWORK)991055242229705501</subfield></datafield><datafield ind1=" " ind2=" " tag="040"><subfield code="a">RERO geussc</subfield><subfield code="d">CH-ZuSLS</subfield></datafield><datafield ind1=" " ind2="7" tag="072"><subfield code="a">ch</subfield><subfield code="2">rero</subfield></datafield><datafield ind1="1" ind2=" " tag="100"><subfield code="a">Rochow, Eugene George</subfield><subfield code="d">1909-....</subfield><subfield code="0">(IDREF)033667721</subfield><subfield code="4">cre</subfield></datafield><datafield ind1="1" ind2="0" tag="245"><subfield code="a">&lt;&lt;The&gt;&gt; chemistry of silicon</subfield><subfield code="c">E.G. Rochow</subfield></datafield><datafield ind1=" " ind2=" " tag="250"><subfield code="a">Repr. with corr. from Comprehensive inorganic chemistry</subfield></datafield><datafield ind1=" " ind2="1" tag="264"><subfield code="a">Oxford [etc.]</subfield><subfield code="b">Pergamon Press</subfield><subfield code="c">1975</subfield></datafield><datafield ind1=" " ind2=" " tag="300"><subfield code="a">X p., p. 1323-1467</subfield><subfield code="b">ill.</subfield><subfield code="c">26 cm</subfield></datafield><datafield ind1=" " ind2=" " tag="336"><subfield code="b">txt</subfield><subfield code="2">rdacontent</subfield></datafield><datafield ind1=" " ind2=" " tag="337"><subfield code="b">n</subfield><subfield code="2">rdamedia</subfield></datafield><datafield ind1=" " ind2=" " tag="338"><subfield code="b">nc</subfield><subfield code="2">rdacarrier</subfield></datafield><datafield ind1="1" ind2=" " tag="490"><subfield code="a">Pergamon texts in inorganic chemistry</subfield><subfield code="v">vol. 9</subfield></datafield><datafield ind1="1" ind2=" " tag="490"><subfield code="a">Pergamon international library of science, technology, engineering and social studies</subfield></datafield><datafield ind1=" " ind2=" " tag="500"><subfield code="a">Chapitre 15 de &quot;Comprehensive inorganic chemistry&quot;</subfield></datafield><datafield ind1=" " ind2="7" tag="650"><subfield code="a">Silicium</subfield><subfield code="0">(IDREF)027806839</subfield><subfield code="2">idref</subfield></datafield><datafield ind1=" " ind2="7" tag="650"><subfield code="a">Chimie</subfield><subfield code="0">(IDREF)027722805</subfield><subfield code="2">idref</subfield></datafield><datafield ind1=" " ind2=" " tag="830"><subfield code="a">&lt;&lt;The&gt;&gt; Commonwealth and international library of science, technology, engineering and liberal studies</subfield><subfield code="w">(RERO)0013838-41slsp</subfield></datafield><datafield ind1=" " ind2=" " tag="830"><subfield code="a">Pergamon texts in inorganic chemistry</subfield><subfield code="v">9</subfield><subfield code="w">(RERO)0940499-41slsp</subfield></datafield><datafield ind1=" " ind2=" " tag="900"><subfield code="a">REROnoselfmerge</subfield></datafield></record>
</metadata></record>