<record><header><identifier>oai:alma.41SLSP_UGE:991000033579705502</identifier><datestamp>2024-07-10T00:07:48Z</datestamp><setSpec>UNIGE_ALL</setSpec></header><metadata>
<record xmlns="http://www.loc.gov/MARC21/slim" xmlns:xsi="http://www.w3.org/2001/XMLSchema-instance" xsi:schemaLocation="http://www.loc.gov/MARC21/slim http://www.loc.gov/standards/marcxml/schema/MARC21slim.xsd"><leader>03003nom a2200745 c 4500</leader><controlfield tag="001">991000033579705502</controlfield><controlfield tag="005">20240709140648.0</controlfield><controlfield tag="008">090812m19951996sz ||| |     |    b|ger d</controlfield><datafield ind1=" " ind2=" " tag="020"><subfield code="a">3468476728</subfield><subfield code="q">Lehrerhandbuch</subfield></datafield><datafield ind1=" " ind2=" " tag="020"><subfield code="a">3468476701</subfield><subfield code="q">Kursbuch</subfield></datafield><datafield ind1=" " ind2=" " tag="020"><subfield code="a">3468476876</subfield><subfield code="q">CD zum Kursbuch</subfield></datafield><datafield ind1=" " ind2=" " tag="020"><subfield code="a">3468476736</subfield><subfield code="q">Cassette 2A zum Kursbuch</subfield></datafield><datafield ind1=" " ind2=" " tag="020"><subfield code="a">346847671X</subfield><subfield code="q">Arbeitsbuch</subfield></datafield><datafield ind1=" " ind2=" " tag="020"><subfield code="a">3468476884</subfield><subfield code="q">CD zum Arbeitsbuch</subfield></datafield><datafield ind1=" " ind2=" " tag="020"><subfield code="a">3468476744</subfield><subfield code="q">Cassette 2B zum Arbeitsbuch</subfield></datafield><datafield ind1=" " ind2=" " tag="020"><subfield code="a">9783468476815</subfield><subfield code="q">Glossaire allemandfrançais</subfield></datafield><datafield ind1=" " ind2=" " tag="020"><subfield code="a">3468476817</subfield><subfield code="q">Glossaire allemandfrançais</subfield></datafield><datafield ind1=" " ind2=" " tag="020"><subfield code="a">9783468968228</subfield><subfield code="q">Brochure d'activités</subfield></datafield><datafield ind1=" " ind2=" " tag="020"><subfield code="a">3468968221</subfield><subfield code="q">Brochure d'activités</subfield></datafield><datafield ind1=" " ind2=" " tag="020"><subfield code="a">3468476752</subfield><subfield code="q">Folien</subfield></datafield><datafield ind1=" " ind2=" " tag="035"><subfield code="a">(swissbib)108306585-41slsp_network</subfield></datafield><datafield ind1=" " ind2=" " tag="035"><subfield code="a">108306585</subfield><subfield code="9">ExL</subfield></datafield><datafield ind1=" " ind2=" " tag="035"><subfield code="a">(RERO)R005146078-41slsp</subfield></datafield><datafield ind1=" " ind2=" " tag="035"><subfield code="a">(EXLNZ-41SLSP_NETWORK)991129997019705501</subfield></datafield><datafield ind1=" " ind2=" " tag="040"><subfield code="a">RERO vsbcvm</subfield><subfield code="d">CH-ZuSLS</subfield></datafield><datafield ind1=" " ind2=" " tag="044"><subfield code="a">sz</subfield><subfield code="c">ch-zh</subfield></datafield><datafield ind1=" " ind2="7" tag="072"><subfield code="a">al</subfield><subfield code="2">rero</subfield></datafield><datafield ind1="0" ind2="0" tag="245"><subfield code="a">Sowieso 2</subfield><subfield code="b">Deutsch als Fremdsprache für Jugendliche</subfield><subfield code="c">Funk ... [et al.]</subfield></datafield><datafield ind1=" " ind2="1" tag="264"><subfield code="a">Berlin</subfield><subfield code="a">Zürich [etc.]</subfield><subfield code="b">Langenscheidt</subfield><subfield code="c">1995-1996</subfield></datafield><datafield ind1=" " ind2=" " tag="300"><subfield code="a">Média divers</subfield><subfield code="b">ill.</subfield></datafield><datafield ind1=" " ind2=" " tag="336"><subfield code="b">txt</subfield><subfield code="2">rdacontent</subfield></datafield><datafield ind1=" " ind2=" " tag="336"><subfield code="b">cod</subfield><subfield code="2">rdacontent</subfield></datafield><datafield ind1=" " ind2=" " tag="336"><subfield code="b">spw</subfield><subfield code="2">rdacontent</subfield></datafield><datafield ind1=" " ind2=" " tag="337"><subfield code="b">n</subfield><subfield code="2">rdamedia</subfield></datafield><datafield ind1=" " ind2=" " tag="337"><subfield code="b">c</subfield><subfield code="2">rdamedia</subfield></datafield><datafield ind1=" " ind2=" " tag="337"><subfield code="b">s</subfield><subfield code="2">rdamedia</subfield></datafield><datafield ind1=" " ind2=" " tag="338"><subfield code="b">nc</subfield><subfield code="2">rdacarrier</subfield></datafield><datafield ind1=" " ind2=" " tag="338"><subfield code="b">cd</subfield><subfield code="2">rdacarrier</subfield></datafield><datafield ind1=" " ind2=" " tag="338"><subfield code="b">ss</subfield><subfield code="2">rdacarrier</subfield></datafield><datafield ind1=" " ind2=" " tag="385"><subfield code="a">Harmos9</subfield><subfield code="2">rero</subfield></datafield><datafield ind1=" " ind2=" " tag="385"><subfield code="a">Harmos10</subfield><subfield code="2">rero</subfield></datafield><datafield ind1=" " ind2=" " tag="385"><subfield code="a">Harmos11</subfield><subfield code="2">rero</subfield></datafield><datafield ind1=" " ind2=" " tag="500"><subfield code="a">Moyen d'enseignement officiel Valais</subfield></datafield><datafield ind1="0" ind2=" " tag="505"><subfield code="a">Lehrerhandbuch / Hermann Funk... [et al.] ; ill. Theo Scherling. - 168 S.</subfield></datafield><datafield ind1="0" ind2=" " tag="505"><subfield code="a">Kursbuch. - 120 S.</subfield></datafield><datafield ind1="0" ind2=" " tag="505"><subfield code="a">CD 2 A 1 zum Kursbuch, Einheit 1-13</subfield></datafield><datafield ind1="0" ind2=" " tag="505"><subfield code="a">CD 2 A 2 zum Kursbuch, Einheit 14-24</subfield></datafield><datafield ind1="0" ind2=" " tag="505"><subfield code="a">CD 2 B zum Kursbuch</subfield></datafield><datafield ind1="0" ind2=" " tag="505"><subfield code="a">Cassette 2 A 1 zum Kursbuch, Einheit 1-13</subfield></datafield><datafield ind1="0" ind2=" " tag="505"><subfield code="a">Arbeitsbuch. - 120 S.</subfield></datafield><datafield ind1="0" ind2=" " tag="505"><subfield code="a">CD 2 A zum Arbeitsbuch</subfield></datafield><datafield ind1="0" ind2=" " tag="505"><subfield code="a">CD 2 B zum Arbeitsbuch. - 71 min.</subfield></datafield><datafield ind1="0" ind2=" " tag="505"><subfield code="a">Cassette 2 B zum Arbeitsbuch, Einheit 1-17</subfield></datafield><datafield ind1="0" ind2=" " tag="505"><subfield code="a">Glossaire allemand-français / Hermann Funk... [et al.] ; trad. par Roland Battus... [et al.]. - 68 S.</subfield></datafield><datafield ind1="0" ind2=" " tag="505"><subfield code="a">Brochure d'activités / par Hermann Funk... [et al.] ; version français par Roland Battus... [et al.]. - 120 p.</subfield></datafield><datafield ind1="0" ind2=" " tag="505"><subfield code="a">Folien 2. - 1 classeur contenant 1 commentaire de 8 p. et 25 transparents</subfield></datafield><datafield ind1=" " ind2=" " tag="580"><subfield code="a">A pour suppl.: Testen mit Sowieso</subfield></datafield><datafield ind1=" " ind2="7" tag="650"><subfield code="a">Allemand (langue)</subfield><subfield code="0">(IDREF)027789829</subfield><subfield code="2">idref</subfield></datafield><datafield ind1=" " ind2="7" tag="650"><subfield code="a">Étude et enseignement</subfield><subfield code="0">(IDREF)027789853</subfield><subfield code="2">idref</subfield></datafield><datafield ind1=" " ind2="7" tag="650"><subfield code="a">Langues vivantes</subfield><subfield code="0">(IDREF)027343553</subfield><subfield code="2">idref</subfield></datafield><datafield ind1=" " ind2="7" tag="655"><subfield code="a">Manuels d'enseignement</subfield><subfield code="0">(IDREF)027446514</subfield><subfield code="2">idref</subfield></datafield><datafield ind1="1" ind2=" " tag="700"><subfield code="a">Funk, Hermann</subfield><subfield code="0">(IDREF)07352395X</subfield></datafield><datafield ind1="1" ind2=" " tag="700"><subfield code="a">Battus, Roland</subfield><subfield code="0">(RERO)A002976589</subfield></datafield><datafield ind1="1" ind2=" " tag="700"><subfield code="a">Scherling, Theo</subfield><subfield code="d">1950-....</subfield><subfield code="0">(IDREF)061648671</subfield></datafield><datafield ind1="0" ind2=" " tag="770"><subfield code="a">Koenig, Michael, germaniste</subfield><subfield code="t">Testen mit sowieso : ein Handbuch mit Beispieltests</subfield><subfield code="w">(RERO)R003110164-41slsp</subfield></datafield><datafield ind1=" " ind2=" " tag="900"><subfield code="a">REROnoselfmerge</subfield></datafield></record>
</metadata></record>