<record><header><identifier>oai:alma.41SLSP_UGE:991000033159705502</identifier><datestamp>2024-07-15T01:18:31Z</datestamp><setSpec>uge_bcen_RapidILL_BOOK</setSpec><setSpec>uge_aaca_RapidILL_BOOK</setSpec><setSpec>uge_abels_RapidILL_BOOK</setSpec><setSpec>uge_dbu_RapidILL_BOOK</setSpec><setSpec>uge_cmu_RapidILL_BOOK</setSpec><setSpec>uge_mail_RapidILL_BOOK</setSpec><setSpec>UNIGE_ALL</setSpec><setSpec>uge_abbat_RapidILL_BOOK</setSpec><setSpec>uge_aobs_RapidILL_BOOK</setSpec><setSpec>uge_acar_RapidILL_BOOK</setSpec></header><metadata>
<record xmlns="http://www.loc.gov/MARC21/slim" xmlns:xsi="http://www.w3.org/2001/XMLSchema-instance" xsi:schemaLocation="http://www.loc.gov/MARC21/slim http://www.loc.gov/standards/marcxml/schema/MARC21slim.xsd"><leader>01846nam a2200421 c 4500</leader><controlfield tag="001">991000033159705502</controlfield><controlfield tag="005">20201222233801.0</controlfield><controlfield tag="008">110815s1999    ja ||||| |||| 00| ||jpn d</controlfield><datafield ind1=" " ind2=" " tag="020"><subfield code="a">4121014685</subfield></datafield><datafield ind1=" " ind2=" " tag="020"><subfield code="a">9784121014689</subfield></datafield><datafield ind1=" " ind2=" " tag="035"><subfield code="a">(swissbib)114127174-41slsp_network</subfield></datafield><datafield ind1=" " ind2=" " tag="035"><subfield code="a">114127174</subfield><subfield code="9">ExL</subfield></datafield><datafield ind1=" " ind2=" " tag="035"><subfield code="a">(RERO)R006126035-41slsp</subfield></datafield><datafield ind1=" " ind2=" " tag="035"><subfield code="a">(EXLNZ-41SLSP_NETWORK)991142892909705501</subfield></datafield><datafield ind1=" " ind2=" " tag="040"><subfield code="a">CGU</subfield><subfield code="d">CH-ZuSLS</subfield></datafield><datafield ind1="1" ind2="4" tag="050"><subfield code="a">DS872.H26</subfield><subfield code="b">O49 1999</subfield></datafield><datafield ind1=" " ind2="7" tag="072"><subfield code="a">hm</subfield><subfield code="2">rero</subfield></datafield><datafield ind1="1" ind2=" " tag="100"><subfield code="6">880-01</subfield><subfield code="a">Ōizumi, Kōichi</subfield><subfield code="d">1943-</subfield><subfield code="0">(RERO)A019031517</subfield><subfield code="4">cre</subfield></datafield><datafield ind1="0" ind2=" " tag="880"><subfield code="6">100-01/$1</subfield><subfield code="a">大泉光一</subfield><subfield code="d">1943-</subfield></datafield><datafield ind1="1" ind2="0" tag="245"><subfield code="6">880-02</subfield><subfield code="a">Hasekura Tsunenaga</subfield><subfield code="b">Keichō ken'ō shisetsu no higeki</subfield><subfield code="c">Ōizumi Kōichi cho</subfield></datafield><datafield ind1="1" ind2="0" tag="880"><subfield code="6">245-02/$1</subfield><subfield code="a">支倉常長</subfield><subfield code="b">慶長遣欧使節の悲劇</subfield><subfield code="c">大泉光一 著</subfield></datafield><datafield ind1=" " ind2="1" tag="264"><subfield code="6">880-03</subfield><subfield code="a">Tōkyō</subfield><subfield code="b">Chūō Kōron Shinsha</subfield><subfield code="c">1999</subfield></datafield><datafield ind1=" " ind2="1" tag="880"><subfield code="6">264-03/$1</subfield><subfield code="a">東京</subfield><subfield code="b">中央公論新社</subfield><subfield code="c">1999</subfield></datafield><datafield ind1=" " ind2=" " tag="300"><subfield code="a">207 p.</subfield><subfield code="c">18 cm</subfield></datafield><datafield ind1=" " ind2=" " tag="336"><subfield code="b">txt</subfield><subfield code="2">rdacontent</subfield></datafield><datafield ind1=" " ind2=" " tag="337"><subfield code="b">n</subfield><subfield code="2">rdamedia</subfield></datafield><datafield ind1=" " ind2=" " tag="338"><subfield code="b">nc</subfield><subfield code="2">rdacarrier</subfield></datafield><datafield ind1="1" ind2=" " tag="490"><subfield code="6">880-04</subfield><subfield code="a">Chūkō shinsho</subfield><subfield code="v">1468</subfield></datafield><datafield ind1="0" ind2=" " tag="880"><subfield code="6">490-04/$1</subfield><subfield code="a">中公新書</subfield><subfield code="v">1468</subfield></datafield><datafield ind1=" " ind2=" " tag="504"><subfield code="a">慶長遣欧使節関係年譜 : p. 191-197</subfield></datafield><datafield ind1=" " ind2=" " tag="504"><subfield code="a">参考文献 : p. 198-207</subfield></datafield><datafield ind1="1" ind2="0" tag="600"><subfield code="a">Hasekura, Tsunenaga</subfield><subfield code="d">1571-1622</subfield></datafield><datafield ind1=" " ind2="0" tag="650"><subfield code="a">Samurai</subfield><subfield code="z">Japan</subfield><subfield code="v">Biography</subfield></datafield><datafield ind1=" " ind2="0" tag="651"><subfield code="a">Europe</subfield><subfield code="x">Relations</subfield><subfield code="z">Japan</subfield></datafield><datafield ind1=" " ind2="0" tag="651"><subfield code="a">Japan</subfield><subfield code="x">Relations</subfield><subfield code="z">Europe</subfield></datafield><datafield ind1=" " ind2=" " tag="830"><subfield code="6">880-05</subfield><subfield code="a">Chūkō shinsho</subfield><subfield code="v">1468</subfield><subfield code="w">(RERO)1266793-41slsp</subfield></datafield><datafield ind1=" " ind2="0" tag="880"><subfield code="6">830-05/$1</subfield><subfield code="a">中公新書</subfield><subfield code="v">1468</subfield></datafield><datafield ind1=" " ind2=" " tag="900"><subfield code="a">REROnoselfmerge</subfield></datafield><datafield ind1=" " ind2=" " tag="910"><subfield code="a">OCoLC</subfield><subfield code="b">20110815</subfield><subfield code="c">Droits réservés</subfield></datafield><datafield ind1="0" ind2=" " tag="787"><subfield code="t">中公新書</subfield><subfield code="w">81234229390005502</subfield><subfield code="i">Alma Collection</subfield></datafield></record>
</metadata></record>