<record><header><identifier>oai:alma.41SLSP_UGE:991000016309705502</identifier><datestamp>2023-03-30T00:10:58Z</datestamp><setSpec>uge_bcen_RapidILL_BOOK</setSpec><setSpec>uge_aaca_RapidILL_BOOK</setSpec><setSpec>uge_abels_RapidILL_BOOK</setSpec><setSpec>uge_dbu_RapidILL_BOOK</setSpec><setSpec>uge_cmu_RapidILL_BOOK</setSpec><setSpec>uge_mail_RapidILL_BOOK</setSpec><setSpec>uge_abbat_RapidILL_BOOK</setSpec><setSpec>UNIGE_ALL</setSpec><setSpec>uge_acar_RapidILL_BOOK</setSpec><setSpec>uge_aobs_RapidILL_BOOK</setSpec></header><metadata>
<record xmlns="http://www.loc.gov/MARC21/slim" xmlns:xsi="http://www.w3.org/2001/XMLSchema-instance" xsi:schemaLocation="http://www.loc.gov/MARC21/slim http://www.loc.gov/standards/marcxml/schema/MARC21slim.xsd"><leader>01807nam a2200433 c 4500</leader><controlfield tag="001">991000016309705502</controlfield><controlfield tag="005">20230329202625.0</controlfield><controlfield tag="008">201011s1976    fr ||||| |||| 10| ||fre d</controlfield><datafield ind1=" " ind2=" " tag="020"><subfield code="a">2855981271</subfield></datafield><datafield ind1=" " ind2=" " tag="035"><subfield code="a">(swissbib)213651262-41slsp_network</subfield></datafield><datafield ind1=" " ind2=" " tag="035"><subfield code="a">213651262</subfield><subfield code="9">ExL</subfield></datafield><datafield ind1=" " ind2=" " tag="035"><subfield code="a">(RERO)R005410623-41slsp</subfield></datafield><datafield ind1=" " ind2=" " tag="035"><subfield code="a">(NEBIS)008981694EBI01</subfield></datafield><datafield ind1=" " ind2=" " tag="035"><subfield code="a">(EXLNZ-41SLSP_NETWORK)991004987139705501</subfield></datafield><datafield ind1=" " ind2=" " tag="040"><subfield code="a">RERO geussc</subfield><subfield code="d">CH-ZuSLS</subfield></datafield><datafield ind1="0" ind2=" " tag="041"><subfield code="a">fre</subfield><subfield code="a">eng</subfield></datafield><datafield ind1=" " ind2="7" tag="072"><subfield code="a">me</subfield><subfield code="2">rero</subfield></datafield><datafield ind1="0" ind2="0" tag="245"><subfield code="a">Hormones and breast cancer</subfield><subfield code="b">= Hormones et cancer du sein : symposium organisé par le Centre Antoine Lacassagne, Nice, 23-24 mai 1975, sous le patronage de l'INSERM, la Fédération nationale des centres de lutte contre le cancer et la Faculté de médecine de Nice</subfield><subfield code="c">publ. sous la responsabilité de Moïse Namer et Claude M. Lalanne</subfield></datafield><datafield ind1="1" ind2=" " tag="246"><subfield code="a">Hormones et cancer du sein</subfield></datafield><datafield ind1=" " ind2="1" tag="264"><subfield code="a">Paris</subfield><subfield code="b">INSERM</subfield><subfield code="c">1976</subfield></datafield><datafield ind1=" " ind2=" " tag="300"><subfield code="a">267 p.</subfield><subfield code="b">ill.</subfield><subfield code="c">25 cm</subfield></datafield><datafield ind1=" " ind2=" " tag="336"><subfield code="b">txt</subfield><subfield code="2">rdacontent</subfield></datafield><datafield ind1=" " ind2=" " tag="337"><subfield code="b">n</subfield><subfield code="2">rdamedia</subfield></datafield><datafield ind1=" " ind2=" " tag="338"><subfield code="b">nc</subfield><subfield code="2">rdacarrier</subfield></datafield><datafield ind1="1" ind2=" " tag="490"><subfield code="a">Colloque INSERM</subfield><subfield code="v">vol. 55</subfield></datafield><datafield ind1=" " ind2=" " tag="500"><subfield code="a">Nom du congrès d'après les remerciements</subfield></datafield><datafield ind1=" " ind2="7" tag="650"><subfield code="a">Cancer</subfield><subfield code="0">(IDREF)02722189X</subfield><subfield code="2">idref</subfield></datafield><datafield ind1=" " ind2="7" tag="650"><subfield code="a">Sein</subfield><subfield code="0">(IDREF)027314014</subfield><subfield code="2">idref</subfield></datafield><datafield ind1=" " ind2="7" tag="650"><subfield code="a">Hormones</subfield><subfield code="0">(IDREF)027234010</subfield><subfield code="2">idref</subfield></datafield><datafield ind1=" " ind2="2" tag="650"><subfield code="a">Breast Neoplasms</subfield><subfield code="x">therapy</subfield><subfield code="0">(DNLM)D001943Q000628</subfield></datafield><datafield ind1=" " ind2="2" tag="650"><subfield code="a">Hormones</subfield><subfield code="x">therapeutic use</subfield><subfield code="0">(DNLM)D006728Q000627</subfield></datafield><datafield ind1=" " ind2="7" tag="655"><subfield code="a">Actes de congrès</subfield><subfield code="0">(IDREF)02886431X</subfield><subfield code="2">idref</subfield></datafield><datafield ind1=" " ind2="2" tag="655"><subfield code="a">Congress</subfield><subfield code="0">(DNLM)D016423</subfield></datafield><datafield ind1=" " ind2="7" tag="655"><subfield code="a">Konferenzschrift</subfield><subfield code="z">Nice</subfield><subfield code="y">1975</subfield><subfield code="2">gnd-content</subfield></datafield><datafield ind1="1" ind2=" " tag="700"><subfield code="a">Namer, Moïse</subfield><subfield code="0">(IDREF)027044343</subfield></datafield><datafield ind1="2" ind2=" " tag="711"><subfield code="a">Symposium Hormones et cancer du sein</subfield><subfield code="d">1975</subfield><subfield code="c">Nice</subfield><subfield code="0">(IDREF)026562324</subfield></datafield><datafield ind1=" " ind2="0" tag="830"><subfield code="a">Colloque INSERM</subfield><subfield code="v">55</subfield><subfield code="w">(NEBIS)000059900EBI01</subfield></datafield><datafield ind1=" " ind2="0" tag="830"><subfield code="a">Colloques INSERM</subfield><subfield code="v">55</subfield><subfield code="w">(RERO)0096257-41slsp</subfield></datafield><datafield ind1=" " ind2=" " tag="900"><subfield code="a">REROnoselfmerge</subfield></datafield><datafield ind1=" " ind2=" " tag="900"><subfield code="f">IDSU2medea</subfield></datafield></record>
</metadata></record>