<record><header><identifier>oai:alma.41SLSP_UGE:991000016409705502</identifier><datestamp>2023-11-05T05:47:36Z</datestamp><setSpec>uge_bcen_RapidILL_BOOK</setSpec><setSpec>uge_aaca_RapidILL_BOOK</setSpec><setSpec>uge_abels_RapidILL_BOOK</setSpec><setSpec>uge_dbu_RapidILL_BOOK</setSpec><setSpec>uge_cmu_RapidILL_BOOK</setSpec><setSpec>uge_mail_RapidILL_BOOK</setSpec><setSpec>UNIGE_ALL</setSpec><setSpec>uge_abbat_RapidILL_BOOK</setSpec><setSpec>uge_acar_RapidILL_BOOK</setSpec><setSpec>uge_aobs_RapidILL_BOOK</setSpec></header><metadata>
<record xmlns="http://www.loc.gov/MARC21/slim" xmlns:xsi="http://www.w3.org/2001/XMLSchema-instance" xsi:schemaLocation="http://www.loc.gov/MARC21/slim http://www.loc.gov/standards/marcxml/schema/MARC21slim.xsd"><leader>01082nam a2200265 c 4500</leader><controlfield tag="001">991000016409705502</controlfield><controlfield tag="005">20230409190147.0</controlfield><controlfield tag="008">960812s1908    gw ||||| |||| 10| ||ger d</controlfield><datafield ind1=" " ind2=" " tag="035"><subfield code="a">(swissbib)091569761-41slsp_network</subfield></datafield><datafield ind1=" " ind2=" " tag="035"><subfield code="a">091569761</subfield><subfield code="9">ExL</subfield></datafield><datafield ind1=" " ind2=" " tag="035"><subfield code="a">(RERO)2241445-41slsp</subfield></datafield><datafield ind1=" " ind2=" " tag="035"><subfield code="a">(EXLNZ-41SLSP_NETWORK)991138836049705501</subfield></datafield><datafield ind1=" " ind2=" " tag="040"><subfield code="a">RERO geudbu</subfield><subfield code="d">CH-ZuSLS</subfield></datafield><datafield ind1=" " ind2="7" tag="072"><subfield code="a">bi</subfield><subfield code="2">rero</subfield></datafield><datafield ind1="1" ind2=" " tag="100"><subfield code="a">Przibram, Hans</subfield><subfield code="d">1874-1944</subfield><subfield code="0">(IDREF)129352624</subfield><subfield code="4">cre</subfield></datafield><datafield ind1="1" ind2="0" tag="245"><subfield code="a">Anwendung elementarer Mathematik auf biologische Probleme</subfield><subfield code="b">nach Vorlesungen, gehalten an der Wiener Universität im Sommersemester 1907</subfield><subfield code="c">von Hans Przibram</subfield></datafield><datafield ind1=" " ind2="1" tag="264"><subfield code="a">Leipzig</subfield><subfield code="b">W. Engelmann</subfield><subfield code="c">1908</subfield></datafield><datafield ind1=" " ind2=" " tag="300"><subfield code="a">84 p.</subfield><subfield code="b">ill.</subfield><subfield code="c">24 cm</subfield></datafield><datafield ind1=" " ind2=" " tag="336"><subfield code="b">txt</subfield><subfield code="2">rdacontent</subfield></datafield><datafield ind1=" " ind2=" " tag="337"><subfield code="b">n</subfield><subfield code="2">rdamedia</subfield></datafield><datafield ind1=" " ind2=" " tag="338"><subfield code="b">nc</subfield><subfield code="2">rdacarrier</subfield></datafield><datafield ind1="1" ind2=" " tag="490"><subfield code="a">Vorträge und Aufsätze über Entwickelungsmechanik der Organismen</subfield><subfield code="v">H. 3</subfield></datafield><datafield ind1=" " ind2="7" tag="650"><subfield code="a">Biomathématiques</subfield><subfield code="0">(IDREF)027665208</subfield><subfield code="2">idref</subfield></datafield><datafield ind1="2" ind2=" " tag="710"><subfield code="a">Universität Wien</subfield><subfield code="0">(IDREF)028059700</subfield></datafield><datafield ind1=" " ind2="0" tag="830"><subfield code="a">Vorträge und Aufsätze über Entwickelungsmechanik der Organismen</subfield><subfield code="v">3</subfield><subfield code="w">(RERO)R009089883-41slsp</subfield></datafield><datafield ind1=" " ind2=" " tag="900"><subfield code="a">REROnoselfmerge</subfield></datafield><datafield ind1=" " ind2=" " tag="990"><subfield code="a">aircla</subfield><subfield code="9">LOCAL</subfield></datafield></record>
</metadata></record>