<record><header><identifier>oai:alma.41SLSP_UGE:991000015699705502</identifier><datestamp>2023-03-01T01:09:17Z</datestamp><setSpec>uge_bcen_RapidILL_BOOK</setSpec><setSpec>uge_aaca_RapidILL_BOOK</setSpec><setSpec>uge_abels_RapidILL_BOOK</setSpec><setSpec>uge_dbu_RapidILL_BOOK</setSpec><setSpec>uge_cmu_RapidILL_BOOK</setSpec><setSpec>uge_mail_RapidILL_BOOK</setSpec><setSpec>UNIGE_ALL</setSpec><setSpec>uge_abbat_RapidILL_BOOK</setSpec><setSpec>uge_aobs_RapidILL_BOOK</setSpec><setSpec>uge_acar_RapidILL_BOOK</setSpec></header><metadata>
<record xmlns="http://www.loc.gov/MARC21/slim" xmlns:xsi="http://www.w3.org/2001/XMLSchema-instance" xsi:schemaLocation="http://www.loc.gov/MARC21/slim http://www.loc.gov/standards/marcxml/schema/MARC21slim.xsd"><leader>01052nam a2200289 c 4500</leader><controlfield tag="001">991000015699705502</controlfield><controlfield tag="005">20230128193521.0</controlfield><controlfield tag="008">121019s1972    le ||||| |||| 00| ||ara d</controlfield><datafield ind1=" " ind2=" " tag="035"><subfield code="a">(swissbib)116544279-41slsp_network</subfield></datafield><datafield ind1=" " ind2=" " tag="035"><subfield code="a">116544279</subfield><subfield code="9">ExL</subfield></datafield><datafield ind1=" " ind2=" " tag="035"><subfield code="a">(RERO)R007165396-41slsp</subfield></datafield><datafield ind1=" " ind2=" " tag="035"><subfield code="a">(EXLNZ-41SLSP_NETWORK)991002429069705501</subfield></datafield><datafield ind1=" " ind2=" " tag="040"><subfield code="a">RERO geular</subfield><subfield code="d">CH-ZuSLS</subfield></datafield><datafield ind1="1" ind2=" " tag="041"><subfield code="a">ara</subfield><subfield code="h">fre</subfield></datafield><datafield ind1=" " ind2="7" tag="072"><subfield code="a">ps</subfield><subfield code="2">rero</subfield></datafield><datafield ind1="1" ind2=" " tag="100"><subfield code="a">Lagache, Daniel</subfield><subfield code="0">(RERO)A003489062</subfield><subfield code="4">cre</subfield></datafield><datafield ind1="1" ind2="0" tag="245"><subfield code="a">&lt;&lt;al-&gt;&gt;Taḥlīl al-nafsī</subfield><subfield code="c">Dānyāl Lāghāsh ; tarjamat Mitrī Shammās</subfield></datafield><datafield ind1=" " ind2="1" tag="264"><subfield code="a">[Bayrūt]</subfield><subfield code="b">al-Manshūrāt al-ʿarabīyah</subfield><subfield code="c">1972</subfield></datafield><datafield ind1=" " ind2=" " tag="300"><subfield code="a">129 p.</subfield><subfield code="c">17 cm</subfield></datafield><datafield ind1=" " ind2=" " tag="336"><subfield code="b">txt</subfield><subfield code="2">rdacontent</subfield></datafield><datafield ind1=" " ind2=" " tag="337"><subfield code="b">n</subfield><subfield code="2">rdamedia</subfield></datafield><datafield ind1=" " ind2=" " tag="338"><subfield code="b">nc</subfield><subfield code="2">rdacarrier</subfield></datafield><datafield ind1="1" ind2=" " tag="490"><subfield code="a">Mādhā aʿrifuhu ?</subfield><subfield code="v">17</subfield></datafield><datafield ind1=" " ind2=" " tag="500"><subfield code="a">Traduit de: La psychanalyse</subfield></datafield><datafield ind1=" " ind2="7" tag="650"><subfield code="a">Psychanalyse</subfield><subfield code="0">(IDREF)027241505</subfield><subfield code="2">idref</subfield></datafield><datafield ind1="1" ind2=" " tag="700"><subfield code="a">šamas, Metry</subfield><subfield code="d">19..-....</subfield><subfield code="0">(IDREF)240724666</subfield></datafield><datafield ind1=" " ind2="0" tag="830"><subfield code="a">Mādhā aʿrifuhu ?</subfield><subfield code="v">17</subfield><subfield code="w">(RERO)2183800-41slsp</subfield></datafield><datafield ind1=" " ind2=" " tag="900"><subfield code="a">REROnoselfmerge</subfield></datafield></record>
</metadata></record>