<record><header><identifier>oai:alma.41SLSP_UGE:991000015489705502</identifier><datestamp>2024-08-06T00:10:28Z</datestamp><setSpec>uge_bcen_RapidILL_BOOK</setSpec><setSpec>uge_aaca_RapidILL_BOOK</setSpec><setSpec>uge_abels_RapidILL_BOOK</setSpec><setSpec>uge_dbu_RapidILL_BOOK</setSpec><setSpec>uge_cmu_RapidILL_BOOK</setSpec><setSpec>uge_mail_RapidILL_BOOK</setSpec><setSpec>uge_abbat_RapidILL_BOOK</setSpec><setSpec>UNIGE_ALL</setSpec><setSpec>uge_acar_RapidILL_BOOK</setSpec><setSpec>uge_aobs_RapidILL_BOOK</setSpec></header><metadata>
<record xmlns="http://www.loc.gov/MARC21/slim" xmlns:xsi="http://www.w3.org/2001/XMLSchema-instance" xsi:schemaLocation="http://www.loc.gov/MARC21/slim http://www.loc.gov/standards/marcxml/schema/MARC21slim.xsd"><leader>06762nam a2201057 c 4500</leader><controlfield tag="001">991000015489705502</controlfield><controlfield tag="005">20240805131342.0</controlfield><controlfield tag="007">tu</controlfield><controlfield tag="008">201011s2020    sz       |||| 10| 0 ger|d</controlfield><datafield ind1=" " ind2=" " tag="015"><subfield code="a">20,N26</subfield><subfield code="2">dnb</subfield></datafield><datafield ind1="7" ind2=" " tag="016"><subfield code="a">121225466X</subfield><subfield code="2">DE-101</subfield></datafield><datafield ind1=" " ind2=" " tag="019"><subfield code="a">Notices analytiques</subfield><subfield code="5">RERO/iftfla/08.2020</subfield></datafield><datafield ind1=" " ind2=" " tag="020"><subfield code="a">303891228X</subfield></datafield><datafield ind1=" " ind2=" " tag="020"><subfield code="a">9783038912286</subfield><subfield code="c">CHF 62.00</subfield></datafield><datafield ind1=" " ind2=" " tag="035"><subfield code="a">(swissbib)223820857-41slsp_network</subfield></datafield><datafield ind1=" " ind2=" " tag="035"><subfield code="a">223820857</subfield><subfield code="9">ExL</subfield></datafield><datafield ind1=" " ind2=" " tag="035"><subfield code="a">(IDSBB)007204352DSV01</subfield></datafield><datafield ind1=" " ind2=" " tag="035"><subfield code="a">(IDSSG)001085763HSB01</subfield></datafield><datafield ind1=" " ind2=" " tag="035"><subfield code="a">(NEBIS)011640068EBI01</subfield></datafield><datafield ind1=" " ind2=" " tag="035"><subfield code="a">(IDSLU)001403925ILU01</subfield></datafield><datafield ind1=" " ind2=" " tag="035"><subfield code="a">(RERO)R009054270-41slsp</subfield></datafield><datafield ind1=" " ind2=" " tag="035"><subfield code="a">(OCoLC)1159873592</subfield></datafield><datafield ind1=" " ind2=" " tag="035"><subfield code="a">(ABN)000869866ABN01</subfield></datafield><datafield ind1=" " ind2=" " tag="035"><subfield code="a">(ALEX)bv9926103704501791</subfield></datafield><datafield ind1=" " ind2=" " tag="035"><subfield code="a">(EXLNZ-41SLSP_NETWORK)991140442339705501</subfield></datafield><datafield ind1=" " ind2=" " tag="040"><subfield code="a">GWDNB</subfield><subfield code="b">ger</subfield><subfield code="e">rda</subfield><subfield code="d">CH-ZuSLS UZB UZ16</subfield></datafield><datafield ind1=" " ind2=" " tag="044"><subfield code="c">CH</subfield></datafield><datafield ind1=" " ind2="7" tag="072"><subfield code="a">801</subfield><subfield code="2">IDS LU</subfield></datafield><datafield ind1=" " ind2="7" tag="072"><subfield code="a">dr</subfield><subfield code="2">rero</subfield></datafield><datafield ind1="0" ind2="4" tag="082"><subfield code="a">344.49402</subfield><subfield code="2">23</subfield></datafield><datafield ind1="1" ind2="4" tag="082"><subfield code="a">340</subfield><subfield code="2">15</subfield></datafield><datafield ind1="7" ind2="4" tag="082"><subfield code="a">340</subfield><subfield code="2">23sdnb</subfield></datafield><datafield ind1=" " ind2=" " tag="084"><subfield code="a">CA/CH 57.1 e</subfield><subfield code="2">cjurrom</subfield></datafield><datafield ind1=" " ind2=" " tag="084"><subfield code="a">CA/CH 57.1 g</subfield><subfield code="2">cjurrom</subfield></datafield><datafield ind1="2" ind2=" " tag="111"><subfield code="a">November-Tagung zum Sozialversicherungsrecht</subfield><subfield code="d">2019</subfield><subfield code="c">Luzern</subfield><subfield code="0">(DE-588)1214852580</subfield></datafield><datafield ind1="1" ind2="0" tag="245"><subfield code="a">November-Tagung zum Sozialversicherungsrecht 2019</subfield><subfield code="b">Invalidität - Gradmesser einer Sondersituation</subfield><subfield code="c">Ueli Kieser (Hrsg.) ; mit Beiträgen von Philipp Egli, Susanne Fankhauser, Kaspar Gehring, Ueli Kieser, Hardy Landolt, Hans-Jakob Mosimann, Gabriela Riemer-Kafka : Referate der Tagung vom 26. November 2019</subfield></datafield><datafield ind1="1" ind2="3" tag="246"><subfield code="a">Invalidität - Gradmesser einer Sondersituation</subfield></datafield><datafield ind1=" " ind2="1" tag="264"><subfield code="a">Zürich</subfield><subfield code="b">Dike</subfield><subfield code="c">[2020]</subfield></datafield><datafield ind1=" " ind2=" " tag="300"><subfield code="a">VII, 175 Seiten</subfield><subfield code="c">23 cm</subfield></datafield><datafield ind1=" " ind2=" " tag="336"><subfield code="b">txt</subfield><subfield code="2">rdacontent</subfield></datafield><datafield ind1=" " ind2=" " tag="337"><subfield code="b">n</subfield><subfield code="2">rdamedia</subfield></datafield><datafield ind1=" " ind2=" " tag="338"><subfield code="b">nc</subfield><subfield code="2">rdacarrier</subfield></datafield><datafield ind1="1" ind2=" " tag="490"><subfield code="a">Schriftenreihe des Instituts für Rechtswissenschaft und Rechtspraxis</subfield><subfield code="v">Band 114</subfield></datafield><datafield ind1=" " ind2=" " tag="500"><subfield code="a">&quot;Die Referate wurden für die vorliegende Publikation ausgebaut und mit Fussnoten versehen.&quot; - Vorwort</subfield></datafield><datafield ind1=" " ind2=" " tag="500"><subfield code="a">November-Tagung zum Sozialversicherungsrecht 2019 des IRP-HSG, die am 26. November 2019 in Luzern stattgefunden hat</subfield></datafield><datafield ind1=" " ind2="7" tag="650"><subfield code="a">Bemessung</subfield><subfield code="0">(DE-588)4005461-5</subfield><subfield code="2">gnd</subfield></datafield><datafield ind1=" " ind2="7" tag="650"><subfield code="a">Invalidenversicherung</subfield><subfield code="0">(DE-588)4128792-7</subfield><subfield code="2">gnd</subfield></datafield><datafield ind1=" " ind2="7" tag="650"><subfield code="a">Rechtsprechung</subfield><subfield code="0">(DE-588)4115710-2</subfield><subfield code="2">gnd</subfield></datafield><datafield ind1=" " ind2="7" tag="650"><subfield code="a">Invalidität</subfield><subfield code="0">(DE-588)4114042-4</subfield><subfield code="2">gnd</subfield></datafield><datafield ind1=" " ind2="7" tag="650"><subfield code="a">Sozialversicherungsrecht</subfield><subfield code="0">(DE-588)4116548-2</subfield><subfield code="2">gnd</subfield></datafield><datafield ind1=" " ind2="7" tag="650"><subfield code="a">Assurance invalidité</subfield><subfield code="0">(IDREF)028638328</subfield><subfield code="2">idref</subfield></datafield><datafield ind1=" " ind2="7" tag="650"><subfield code="a">Évaluation</subfield><subfield code="0">(IDREF)027791513</subfield><subfield code="2">idref</subfield></datafield><datafield ind1=" " ind2="7" tag="650"><subfield code="a">Handicap</subfield><subfield code="0">(IDREF)03544682X</subfield><subfield code="2">idref</subfield></datafield><datafield ind1=" " ind2="7" tag="650"><subfield code="a">Salaires</subfield><subfield code="0">(IDREF)027790797</subfield><subfield code="2">idref</subfield></datafield><datafield ind1=" " ind2="7" tag="650"><subfield code="a">Responsabilité (droit)</subfield><subfield code="0">(IDREF)027480259</subfield><subfield code="2">idref</subfield></datafield><datafield ind1=" " ind2="7" tag="650"><subfield code="a">Dommages-intérêts</subfield><subfield code="0">(IDREF)050616196</subfield><subfield code="2">idref</subfield></datafield><datafield ind1=" " ind2="7" tag="650"><subfield code="a">IV</subfield><subfield code="9">ger</subfield><subfield code="0">(RERO)jurivoc000012152ger</subfield><subfield code="2">jurivoc</subfield></datafield><datafield ind1=" " ind2="7" tag="650"><subfield code="a">Invalidität</subfield><subfield code="9">ger</subfield><subfield code="0">(RERO)jurivoc000012048ger</subfield><subfield code="2">jurivoc</subfield></datafield><datafield ind1=" " ind2="7" tag="650"><subfield code="a">Invaliditätsbemessung</subfield><subfield code="9">ger</subfield><subfield code="0">(RERO)jurivoc000012052ger</subfield><subfield code="2">jurivoc</subfield></datafield><datafield ind1=" " ind2="7" tag="650"><subfield code="a">Invalideneinkommen</subfield><subfield code="9">ger</subfield><subfield code="0">(RERO)jurivoc000012037ger</subfield><subfield code="2">jurivoc</subfield></datafield><datafield ind1=" " ind2="7" tag="650"><subfield code="a">Schadenminderungspflicht</subfield><subfield code="9">ger</subfield><subfield code="0">(RERO)jurivoc000019418ger</subfield><subfield code="2">jurivoc</subfield></datafield><datafield ind1=" " ind2="7" tag="651"><subfield code="a">Schweiz</subfield><subfield code="0">(DE-588)4053881-3</subfield><subfield code="2">gnd</subfield></datafield><datafield ind1=" " ind2="7" tag="651"><subfield code="a">Suisse</subfield><subfield code="0">(IDREF)027249654</subfield><subfield code="2">idref</subfield></datafield><datafield ind1=" " ind2="7" tag="651"><subfield code="a">Schweiz</subfield><subfield code="9">ger</subfield><subfield code="0">(RERO)jurivoc000019912ger</subfield><subfield code="2">jurivoc</subfield></datafield><datafield ind1=" " ind2="7" tag="655"><subfield code="a">Konferenzschrift</subfield><subfield code="z">Luzern</subfield><subfield code="y">2019</subfield><subfield code="2">gnd-content</subfield></datafield><datafield ind1=" " ind2="7" tag="655"><subfield code="a">Actes de congrès</subfield><subfield code="0">(IDREF)02886431X</subfield><subfield code="2">idref</subfield></datafield><datafield ind1=" " ind2=" " tag="690"><subfield code="a">Erwerbsunfähigkeit; Dimensionierung; Sozialversicherungsrecht; Invalidenversicherung; Tagung; Kafka; Förderung; Risiko; künstliche Intelligenz; Landolt; Abgrenzung; Gehalt (Lohn); Gliederung; Industrialisierung; Kontext; Normung; Unternehmensziel</subfield><subfield code="2">idssg-J</subfield></datafield><datafield ind1=" " ind2=" " tag="690"><subfield code="a">Sondersituation; Kontextfaktor; Novembertagung; Ausgangslage; Invaliditätsbemessung; Verhältnismässigkeit; Wiedereingliederungsversicherung; Revisionsbestrebung; Bedenkzeitverfahren; Eingliederungsversicherung; Gehring; Haftpflichtrecht; Invalideneinkommen; Invaliditätsurteil; Krankentaggeldversicherung; Invaliditätsbegriff; Krankheitsmodell; Leistungseinbuße; Schadenminderungspflicht; Schlusswort; Selbsteingliederungspflicht; Stellenmeldepflicht; Gradmesser; HansJakob; Invalidenkarriere; Invaliditätsgrad</subfield><subfield code="2">idssg-J</subfield></datafield><datafield ind1=" " ind2=" " tag="690"><subfield code="a">andere Methode; anderes Risiko; biopsychosoziales Krankheitsmodell; dienende Maßnahme; dienende Stelle; gemischte Methode; gesundheitsbedingte Leistungseinbuße; grundsätzliche Einführung; hypothetisch Valideneinkommen; invaliditätsfremder Faktor; neues Invaliditätsurteil; obligatorische Krankentaggeldversicherung; schwierige Abgrenzung; standardisierende Methode; vermehrte Standardisierung</subfield><subfield code="2">idssg-J</subfield></datafield><datafield ind1=" " ind2=" " tag="690"><subfield code="a">Hardy Landolt HansJakob Mosimann Gabriela Riemer Kafka; Invaliditätsgrad Gabriela Riemer Kafka Einführung; Philipp Egli Susanne Fankhauser Kaspar Gehring Ueli Kieser; Susanne Fankhauser Kaspar; Ueli Kieser Hrsg. NovemberTagung; Ueu Kieser; Valideneinkommen Kaspar; Vorwort Gabriela Riemer Kafka</subfield><subfield code="2">idssg-J</subfield></datafield><datafield ind1=" " ind2=" " tag="691"><subfield code="e">PC 57 CH</subfield><subfield code="2">rzs-L1</subfield></datafield><datafield ind1="1" ind2=" " tag="700"><subfield code="6">880-09</subfield><subfield code="a">Fankhauser, Susanne</subfield><subfield code="d">1959-</subfield><subfield code="0">(DE-588)142302538</subfield><subfield code="4">aut</subfield></datafield><datafield ind1="1" ind2=" " tag="880"><subfield code="6">700-09/(B</subfield><subfield code="a">Fankhauser, Susanne</subfield><subfield code="c">juriste</subfield><subfield code="d">1959-....</subfield><subfield code="0">(IDREF)279377371</subfield><subfield code="4">aut</subfield></datafield><datafield ind1="1" ind2=" " tag="700"><subfield code="a">Gehring, Kaspar</subfield><subfield code="0">(DE-588)1160949506</subfield><subfield code="4">aut</subfield></datafield><datafield ind1="1" ind2=" " tag="700"><subfield code="a">Landolt, Hardy</subfield><subfield code="d">1965-</subfield><subfield code="0">(DE-588)133835634</subfield><subfield code="4">aut</subfield></datafield><datafield ind1="1" ind2=" " tag="700"><subfield code="a">Mosimann, Hans-Jakob</subfield><subfield code="d">1956-</subfield><subfield code="0">(DE-588)110859782</subfield><subfield code="4">aut</subfield></datafield><datafield ind1="1" ind2=" " tag="700"><subfield code="a">Riemer-Kafka, Gabriela</subfield><subfield code="d">1958-</subfield><subfield code="0">(DE-588)121529673</subfield><subfield code="4">aut</subfield></datafield><datafield ind1="1" ind2=" " tag="700"><subfield code="6">880-07</subfield><subfield code="a">Egli, Philipp</subfield><subfield code="d">1980-</subfield><subfield code="0">(DE-588)1025075072</subfield><subfield code="4">ctb</subfield></datafield><datafield ind1="1" ind2=" " tag="880"><subfield code="6">700-07</subfield><subfield code="a">Egli, Philipp</subfield><subfield code="d">19..-....</subfield><subfield code="0">(IDREF)242446981</subfield><subfield code="4">ctb</subfield></datafield><datafield ind1="1" ind2=" " tag="700"><subfield code="6">880-08</subfield><subfield code="a">Kieser, Ueli</subfield><subfield code="d">1955-</subfield><subfield code="0">(DE-588)121190846</subfield><subfield code="4">edt</subfield><subfield code="4">aut</subfield></datafield><datafield ind1="1" ind2=" " tag="880"><subfield code="6">700-08</subfield><subfield code="a">Kieser, Ueli</subfield><subfield code="d">1955-....</subfield><subfield code="0">(IDREF)238454916</subfield><subfield code="4">edt</subfield></datafield><datafield ind1="2" ind2=" " tag="810"><subfield code="a">Universität St. Gallen</subfield><subfield code="b">Institut für Rechtswissenschaft und Rechtspraxis</subfield><subfield code="t">Schriftenreihe des Instituts für Rechtswissenschaft und Rechtspraxis</subfield><subfield code="v">114</subfield><subfield code="w">(IDSLU)000217938ILU01</subfield></datafield><datafield ind1=" " ind2="0" tag="830"><subfield code="a">Schriftenreihe des Instituts für Rechtswissenschaft und Rechtspraxis</subfield><subfield code="v">Band 114</subfield><subfield code="w">(IDSSG)000232932HSB01</subfield></datafield><datafield ind1=" " ind2="0" tag="830"><subfield code="a">Schriftenreihe des Instituts für Rechtswissenschaft und Rechtspraxis</subfield><subfield code="v">Band 114</subfield><subfield code="w">(RERO)R003051078-41slsp</subfield></datafield><datafield ind1=" " ind2="0" tag="830"><subfield code="a">Schriftenreihe des Instituts für Rechtswissenschaft und Rechtspraxis</subfield><subfield code="v">114</subfield><subfield code="w">(ALEX)bv9925931304501791</subfield></datafield><datafield ind1="4" ind2=" " tag="856"><subfield code="3">Inhaltsverzeichnis</subfield><subfield code="u">http://www.ub.unibas.ch/tox/IDSBB/007204352/PDF</subfield><subfield code="q">pdf</subfield></datafield><datafield ind1="4" ind2="2" tag="856"><subfield code="q">text/html</subfield><subfield code="u">http://deposit.dnb.de/cgi-bin/dokserv?id=fc67999a9ef24b6ca512867ce0eb7a17&amp;prov=M&amp;dok_var=1&amp;dok_ext=htm</subfield><subfield code="3">Inhaltstext</subfield></datafield><datafield ind1=" " ind2=" " tag="900"><subfield code="a">Stoppsignal FRED</subfield></datafield><datafield ind1=" " ind2=" " tag="900"><subfield code="a">OK_GND</subfield><subfield code="x">UZB/Z16/202102/sust</subfield></datafield><datafield ind1=" " ind2=" " tag="900"><subfield code="a">Stoppsignal FRED</subfield><subfield code="x">UZB/Z01/202211</subfield></datafield><datafield ind1=" " ind2=" " tag="949"><subfield code="a">http://www.ub.unibas.ch/tox/IDSBB/007204352/PDF</subfield></datafield><datafield ind1=" " ind2=" " tag="949"><subfield code="a">http://deposit.dnb.de/cgi-bin/dokserv?id=fc67999a9ef24b6ca512867ce0eb7a17&amp;prov=M&amp;dok_var=1&amp;dok_ext=htm</subfield></datafield></record>
</metadata></record>