<record><header><identifier>oai:alma.41SLSP_UGE:991000016009705502</identifier><datestamp>2023-03-01T01:09:17Z</datestamp><setSpec>uge_bcen_RapidILL_BOOK</setSpec><setSpec>uge_aaca_RapidILL_BOOK</setSpec><setSpec>uge_abels_RapidILL_BOOK</setSpec><setSpec>uge_dbu_RapidILL_BOOK</setSpec><setSpec>uge_cmu_RapidILL_BOOK</setSpec><setSpec>uge_mail_RapidILL_BOOK</setSpec><setSpec>UNIGE_ALL</setSpec><setSpec>uge_abbat_RapidILL_BOOK</setSpec><setSpec>uge_aobs_RapidILL_BOOK</setSpec><setSpec>uge_acar_RapidILL_BOOK</setSpec></header><metadata>
<record xmlns="http://www.loc.gov/MARC21/slim" xmlns:xsi="http://www.w3.org/2001/XMLSchema-instance" xsi:schemaLocation="http://www.loc.gov/MARC21/slim http://www.loc.gov/standards/marcxml/schema/MARC21slim.xsd"><leader>00973nam a2200217 c 4500</leader><controlfield tag="001">991000016009705502</controlfield><controlfield tag="005">20201225185421.0</controlfield><controlfield tag="008">870408s1877    bl ||||| |||| 00| ||por d</controlfield><datafield ind1=" " ind2=" " tag="035"><subfield code="a">(swissbib)081666543-41slsp_network</subfield></datafield><datafield ind1=" " ind2=" " tag="035"><subfield code="a">081666543</subfield><subfield code="9">ExL</subfield></datafield><datafield ind1=" " ind2=" " tag="035"><subfield code="a">(RERO)0829997-41slsp</subfield></datafield><datafield ind1=" " ind2=" " tag="035"><subfield code="a">(EXLNZ-41SLSP_NETWORK)991104556099705501</subfield></datafield><datafield ind1=" " ind2=" " tag="040"><subfield code="a">RERO geudbu</subfield><subfield code="d">CH-ZuSLS</subfield></datafield><datafield ind1=" " ind2="7" tag="072"><subfield code="a">ht</subfield><subfield code="2">rero</subfield></datafield><datafield ind1="1" ind2=" " tag="100"><subfield code="a">Moraes, Alexandre José de Mello</subfield><subfield code="d">1816-1882</subfield><subfield code="0">(IDREF)034009396</subfield><subfield code="4">cre</subfield></datafield><datafield ind1="1" ind2="0" tag="245"><subfield code="a">&lt;&lt;A&gt;&gt; independencia e o Imperio do Brazil ; ou A independencia comprada por dous milhōes de libras sterlinas e o Imperio do Brazil com dous imperadores no seu reconhecimento, e cessão</subfield><subfield code="b">; seguida da Historia da Constituição politica do Patriarchado, e da corrupção governamental, provado com documentos authenticos</subfield><subfield code="c">pelo Dr. Mello Moares (A.J. de)</subfield></datafield><datafield ind1=" " ind2="1" tag="264"><subfield code="a">Rio de Janeiro</subfield><subfield code="b">Globo</subfield><subfield code="c">1877</subfield></datafield><datafield ind1=" " ind2=" " tag="300"><subfield code="a">369 p.</subfield><subfield code="c">23 cm</subfield></datafield><datafield ind1=" " ind2=" " tag="336"><subfield code="b">txt</subfield><subfield code="2">rdacontent</subfield></datafield><datafield ind1=" " ind2=" " tag="337"><subfield code="b">n</subfield><subfield code="2">rdamedia</subfield></datafield><datafield ind1=" " ind2=" " tag="338"><subfield code="b">nc</subfield><subfield code="2">rdacarrier</subfield></datafield><datafield ind1=" " ind2=" " tag="900"><subfield code="a">REROnoselfmerge</subfield></datafield></record>
</metadata></record>