<record><header><identifier>oai:alma.41SLSP_UGE:991000016319705502</identifier><datestamp>2023-03-01T01:09:17Z</datestamp><setSpec>uge_bcen_RapidILL_BOOK</setSpec><setSpec>uge_aaca_RapidILL_BOOK</setSpec><setSpec>uge_abels_RapidILL_BOOK</setSpec><setSpec>uge_dbu_RapidILL_BOOK</setSpec><setSpec>uge_cmu_RapidILL_BOOK</setSpec><setSpec>uge_mail_RapidILL_BOOK</setSpec><setSpec>UNIGE_ALL</setSpec><setSpec>uge_abbat_RapidILL_BOOK</setSpec><setSpec>uge_aobs_RapidILL_BOOK</setSpec><setSpec>uge_acar_RapidILL_BOOK</setSpec></header><metadata>
<record xmlns="http://www.loc.gov/MARC21/slim" xmlns:xsi="http://www.w3.org/2001/XMLSchema-instance" xsi:schemaLocation="http://www.loc.gov/MARC21/slim http://www.loc.gov/standards/marcxml/schema/MARC21slim.xsd"><leader>00999nam a2200265 c 4500</leader><controlfield tag="001">991000016319705502</controlfield><controlfield tag="005">20201225184306.0</controlfield><controlfield tag="008">940328s1904    it ||||| |||| 00| ||arm d</controlfield><datafield ind1=" " ind2=" " tag="035"><subfield code="a">(swissbib)088593134-41slsp_network</subfield></datafield><datafield ind1=" " ind2=" " tag="035"><subfield code="a">088593134</subfield><subfield code="9">ExL</subfield></datafield><datafield ind1=" " ind2=" " tag="035"><subfield code="a">(RERO)1831996-41slsp</subfield></datafield><datafield ind1=" " ind2=" " tag="035"><subfield code="a">(EXLNZ-41SLSP_NETWORK)991080297459705501</subfield></datafield><datafield ind1=" " ind2=" " tag="040"><subfield code="a">RERO labcud</subfield><subfield code="d">CH-ZuSLS</subfield></datafield><datafield ind1=" " ind2="7" tag="072"><subfield code="a">th</subfield><subfield code="2">rero</subfield></datafield><datafield ind1="0" ind2="0" tag="245"><subfield code="a">Ankanon girkʿ aṛakʿelakankʿ</subfield></datafield><datafield ind1=" " ind2="1" tag="264"><subfield code="a">Venetik</subfield><subfield code="b">I tparani s. Lazarou</subfield><subfield code="c">1904</subfield></datafield><datafield ind1=" " ind2=" " tag="300"><subfield code="a">[15], 496 p.</subfield><subfield code="c">19 cm</subfield></datafield><datafield ind1=" " ind2=" " tag="336"><subfield code="b">txt</subfield><subfield code="2">rdacontent</subfield></datafield><datafield ind1=" " ind2=" " tag="337"><subfield code="b">n</subfield><subfield code="2">rdamedia</subfield></datafield><datafield ind1=" " ind2=" " tag="338"><subfield code="b">nc</subfield><subfield code="2">rdacarrier</subfield></datafield><datafield ind1="1" ind2=" " tag="490"><subfield code="a">Tʿangaran haykakan hin eue nor dproutʿeanç</subfield><subfield code="v">3</subfield></datafield><datafield ind1=" " ind2=" " tag="500"><subfield code="a">L'éditeur de ces &quot;Ecrits apostoliques non canoniques&quot; est Chérubin Tchérakian</subfield></datafield><datafield ind1="1" ind2=" " tag="700"><subfield code="a">Tchérakian, Chérubin</subfield><subfield code="0">(RERO)A003890729</subfield></datafield><datafield ind1="0" ind2=" " tag="730"><subfield code="a">Bible</subfield><subfield code="n">240</subfield><subfield code="p">N.T</subfield><subfield code="p">Apocryphes</subfield><subfield code="p">Actes</subfield><subfield code="l">Arménien</subfield></datafield><datafield ind1=" " ind2=" " tag="830"><subfield code="a">Tʿangaran haykakan hin eue nor dproutʿeanç</subfield><subfield code="v">3</subfield><subfield code="w">(RERO)R003118842-41slsp</subfield></datafield><datafield ind1=" " ind2=" " tag="900"><subfield code="a">REROnoselfmerge</subfield></datafield></record>
</metadata></record>