<record><header><identifier>oai:alma.41SLSP_UGE:991000015819705502</identifier><datestamp>2023-03-01T01:09:17Z</datestamp><setSpec>uge_bcen_RapidILL_BOOK</setSpec><setSpec>uge_aaca_RapidILL_BOOK</setSpec><setSpec>uge_abels_RapidILL_BOOK</setSpec><setSpec>uge_dbu_RapidILL_BOOK</setSpec><setSpec>uge_cmu_RapidILL_BOOK</setSpec><setSpec>uge_mail_RapidILL_BOOK</setSpec><setSpec>UNIGE_ALL</setSpec><setSpec>uge_abbat_RapidILL_BOOK</setSpec><setSpec>uge_acar_RapidILL_BOOK</setSpec><setSpec>uge_aobs_RapidILL_BOOK</setSpec></header><metadata>
<record xmlns="http://www.loc.gov/MARC21/slim" xmlns:xsi="http://www.w3.org/2001/XMLSchema-instance" xsi:schemaLocation="http://www.loc.gov/MARC21/slim http://www.loc.gov/standards/marcxml/schema/MARC21slim.xsd"><leader>02125nam a2200529 c 4500</leader><controlfield tag="001">991000015819705502</controlfield><controlfield tag="005">20230221195646.0</controlfield><controlfield tag="008">201011s2003    gw ||||| |||| 00| ||ger d</controlfield><datafield ind1=" " ind2=" " tag="015"><subfield code="a">GFR-DNB-03,A32,1518</subfield></datafield><datafield ind1=" " ind2=" " tag="020"><subfield code="a">3525252471</subfield><subfield code="c">Pp. : EUR 79.00, sfr 123.00</subfield></datafield><datafield ind1=" " ind2=" " tag="035"><subfield code="a">(swissbib)213954788-41slsp_network</subfield></datafield><datafield ind1=" " ind2=" " tag="035"><subfield code="a">213954788</subfield><subfield code="9">ExL</subfield></datafield><datafield ind1=" " ind2=" " tag="035"><subfield code="a">(RERO)R003378562-41slsp</subfield></datafield><datafield ind1=" " ind2=" " tag="035"><subfield code="a">(IDSBB)002873962DSV01</subfield></datafield><datafield ind1=" " ind2=" " tag="035"><subfield code="a">(NEBIS)004582759EBI01</subfield></datafield><datafield ind1=" " ind2=" " tag="035"><subfield code="a">(EXLNZ-41SLSP_NETWORK)991110181179705501</subfield></datafield><datafield ind1=" " ind2=" " tag="040"><subfield code="a">RERO frbcuc</subfield><subfield code="d">CH-ZuSLS</subfield></datafield><datafield ind1=" " ind2="7" tag="072"><subfield code="a">gr</subfield><subfield code="2">rero</subfield></datafield><datafield ind1=" " ind2="7" tag="072"><subfield code="a">kp</subfield><subfield code="2">SzZuIDS BS/BE</subfield></datafield><datafield ind1="0" ind2="0" tag="082"><subfield code="a">882/.01</subfield><subfield code="2">22</subfield></datafield><datafield ind1="1" ind2=" " tag="100"><subfield code="a">Föllinger, Sabine</subfield><subfield code="d">1963-</subfield><subfield code="0">(RERO)A017819505</subfield><subfield code="4">cre</subfield><subfield code="6">880-01</subfield></datafield><datafield ind1="1" ind2=" " tag="880"><subfield code="a">Föllinger, Sabine</subfield><subfield code="d">1963-</subfield><subfield code="0">(DE-588)114631069</subfield><subfield code="6">100-01</subfield></datafield><datafield ind1="1" ind2=" " tag="880"><subfield code="a">Föllinger, Sabine</subfield><subfield code="d">1963-</subfield><subfield code="0">| (DE-588)114631069</subfield><subfield code="6">100-01</subfield></datafield><datafield ind1="1" ind2="0" tag="245"><subfield code="a">Genosdependenzen</subfield><subfield code="b">Studien zur Arbeit am Mythos bei Aischylos</subfield><subfield code="c">Sabine Föllinger</subfield></datafield><datafield ind1=" " ind2="1" tag="264"><subfield code="a">Göttingen</subfield><subfield code="b">Vandenhoeck &amp; Ruprecht</subfield><subfield code="c">[2003]</subfield></datafield><datafield ind1=" " ind2="4" tag="264"><subfield code="c">© 2003</subfield></datafield><datafield ind1=" " ind2=" " tag="300"><subfield code="a">372 S.</subfield><subfield code="c">24 cm</subfield></datafield><datafield ind1=" " ind2=" " tag="336"><subfield code="b">txt</subfield><subfield code="2">rdacontent</subfield></datafield><datafield ind1=" " ind2=" " tag="337"><subfield code="b">n</subfield><subfield code="2">rdamedia</subfield></datafield><datafield ind1=" " ind2=" " tag="338"><subfield code="b">nc</subfield><subfield code="2">rdacarrier</subfield></datafield><datafield ind1="1" ind2=" " tag="490"><subfield code="a">Hypomnemata</subfield><subfield code="v">Bd. 148</subfield></datafield><datafield ind1=" " ind2=" " tag="500"><subfield code="a">Buchhandelsausg. der Habil.-Schr. Mainz, 1999</subfield></datafield><datafield ind1=" " ind2=" " tag="500"><subfield code="a">Originaltitel: Mythos bei Aischylos (Titel der Habilitations-Schrift)</subfield></datafield><datafield ind1=" " ind2=" " tag="502"><subfield code="a">Überarb. Habil.-Schrift Fachbereich Philologie der Johannes Gutenberg-Universität Mainz, 1999</subfield></datafield><datafield ind1="0" ind2="7" tag="600"><subfield code="a">Eschyle</subfield><subfield code="d">0525?-0456 av. J.-C.</subfield><subfield code="0">(IDREF)086453033</subfield><subfield code="2">idref</subfield></datafield><datafield ind1="0" ind2="7" tag="600"><subfield code="a">Aeschylus</subfield><subfield code="x">Mythen</subfield><subfield code="z">griechische</subfield><subfield code="2">idsbb</subfield></datafield><datafield ind1="0" ind2="7" tag="600"><subfield code="a">Aeschylus</subfield><subfield code="d">v525-v456</subfield><subfield code="0">(DE-588)118500856</subfield><subfield code="2">gnd</subfield></datafield><datafield ind1="0" ind2="0" tag="600"><subfield code="a">Aeschylus</subfield><subfield code="x">Criticism and interpretation</subfield></datafield><datafield ind1="0" ind2="0" tag="600"><subfield code="a">Aeschylus</subfield><subfield code="x">Knowledge</subfield><subfield code="x">Mythology</subfield></datafield><datafield ind1="1" ind2="0" tag="600"><subfield code="a">Aeschylus</subfield><subfield code="x">Mythos</subfield></datafield><datafield ind1="0" ind2="0" tag="600"><subfield code="6">880-01</subfield><subfield code="a">Aeschylus</subfield><subfield code="x">Criticism and interpretation</subfield></datafield><datafield ind1=" " ind2="7" tag="650"><subfield code="a">Mythologie grecque</subfield><subfield code="0">(IDREF)027328104</subfield><subfield code="2">idref</subfield></datafield><datafield ind1=" " ind2="7" tag="650"><subfield code="a">Mythos</subfield><subfield code="0">(DE-588)4075159-4</subfield><subfield code="2">gnd</subfield></datafield><datafield ind1=" " ind2="0" tag="650"><subfield code="a">Mythology, Greek, in literature</subfield></datafield><datafield ind1=" " ind2="7" tag="655"><subfield code="a">Hochschulschrift</subfield><subfield code="2">gnd-content</subfield></datafield><datafield ind1=" " ind2=" " tag="830"><subfield code="a">Hypomnemata</subfield><subfield code="v">148</subfield><subfield code="w">(NEBIS)000987641EBI01</subfield></datafield><datafield ind1=" " ind2=" " tag="900"><subfield code="a">REROnoselfmerge</subfield></datafield><datafield ind1=" " ind2=" " tag="900"><subfield code="a">IDSZ2zbzmon200311f</subfield><subfield code="c">IDSZ2sbae</subfield><subfield code="d">IDSZ2zbzswk200404b</subfield><subfield code="e">IDSZ2seid</subfield></datafield></record>
</metadata></record>