<record><header><identifier>oai:alma.41SLSP_UGE:991000015609705502</identifier><datestamp>2023-03-01T01:09:17Z</datestamp><setSpec>uge_bcen_RapidILL_BOOK</setSpec><setSpec>uge_aaca_RapidILL_BOOK</setSpec><setSpec>uge_abels_RapidILL_BOOK</setSpec><setSpec>uge_dbu_RapidILL_BOOK</setSpec><setSpec>uge_cmu_RapidILL_BOOK</setSpec><setSpec>uge_mail_RapidILL_BOOK</setSpec><setSpec>UNIGE_ALL</setSpec><setSpec>uge_abbat_RapidILL_BOOK</setSpec><setSpec>uge_aobs_RapidILL_BOOK</setSpec><setSpec>uge_acar_RapidILL_BOOK</setSpec></header><metadata>
<record xmlns="http://www.loc.gov/MARC21/slim" xmlns:xsi="http://www.w3.org/2001/XMLSchema-instance" xsi:schemaLocation="http://www.loc.gov/MARC21/slim http://www.loc.gov/standards/marcxml/schema/MARC21slim.xsd"><leader>01150nam a2200313 c 4500</leader><controlfield tag="001">991000015609705502</controlfield><controlfield tag="005">20201230231835.0</controlfield><controlfield tag="008">201011s1987    it ||||| |||| 00| ||fre d</controlfield><datafield ind1=" " ind2=" " tag="035"><subfield code="a">(swissbib)227371380-41slsp_network</subfield></datafield><datafield ind1=" " ind2=" " tag="035"><subfield code="a">227371380</subfield><subfield code="9">ExL</subfield></datafield><datafield ind1=" " ind2=" " tag="035"><subfield code="a">(RERO)0907245-41slsp</subfield></datafield><datafield ind1=" " ind2=" " tag="035"><subfield code="a">(IDSBB)000483796DSV01</subfield></datafield><datafield ind1=" " ind2=" " tag="035"><subfield code="a">(EXLNZ-41SLSP_NETWORK)991111989569705501</subfield></datafield><datafield ind1=" " ind2=" " tag="040"><subfield code="a">RERO frbcuc</subfield><subfield code="d">CH-ZuSLS</subfield></datafield><datafield ind1=" " ind2="7" tag="072"><subfield code="a">th</subfield><subfield code="2">rero</subfield></datafield><datafield ind1=" " ind2="7" tag="072"><subfield code="a">ph</subfield><subfield code="2">rero</subfield></datafield><datafield ind1=" " ind2="7" tag="072"><subfield code="a">th</subfield><subfield code="2">SzZuIDS BS/BE</subfield></datafield><datafield ind1="1" ind2=" " tag="100"><subfield code="a">Leclercq, Jean</subfield><subfield code="d">1911-1993</subfield><subfield code="0">(IDREF)026976935</subfield><subfield code="4">cre</subfield></datafield><datafield ind1="1" ind2="0" tag="245"><subfield code="a">Recueil d'études sur saint Bernard et ses écrits</subfield><subfield code="c">Jean Leclercq.</subfield><subfield code="n">4</subfield></datafield><datafield ind1=" " ind2="1" tag="264"><subfield code="a">Roma</subfield><subfield code="b">Storia e letteratura</subfield><subfield code="c">1987</subfield></datafield><datafield ind1=" " ind2=" " tag="300"><subfield code="a">435 p.</subfield><subfield code="c">26 cm</subfield></datafield><datafield ind1=" " ind2=" " tag="336"><subfield code="b">txt</subfield><subfield code="2">rdacontent</subfield></datafield><datafield ind1=" " ind2=" " tag="337"><subfield code="b">n</subfield><subfield code="2">rdamedia</subfield></datafield><datafield ind1=" " ind2=" " tag="338"><subfield code="b">nc</subfield><subfield code="2">rdacarrier</subfield></datafield><datafield ind1="1" ind2=" " tag="490"><subfield code="a">Storia e letteratura</subfield><subfield code="v">167</subfield></datafield><datafield ind1="1" ind2=" " tag="490"><subfield code="a">Recueil d'études sur Saint Bernard et ses écrits / Jean Leclercq</subfield><subfield code="v">T. 4</subfield></datafield><datafield ind1="1" ind2=" " tag="800"><subfield code="a">Leclercq, Jean</subfield><subfield code="d">1911-1993</subfield><subfield code="t">Recueil d'études sur saint Bernard et ses écrits</subfield><subfield code="v">4</subfield><subfield code="w">(RERO)0197243-41slsp</subfield></datafield><datafield ind1=" " ind2=" " tag="830"><subfield code="a">Storia e letteratura</subfield><subfield code="v">167</subfield><subfield code="w">(RERO)0052646-41slsp</subfield></datafield><datafield ind1=" " ind2=" " tag="830"><subfield code="a">Storia e letteratura</subfield><subfield code="v">167</subfield><subfield code="w">(IDSBB)000027417DSV01</subfield></datafield><datafield ind1=" " ind2=" " tag="900"><subfield code="a">REROnoselfmerge</subfield></datafield></record>
</metadata></record>