<record><header><identifier>oai:alma.41SLSP_UGE:991000015709705502</identifier><datestamp>2023-12-15T01:24:10Z</datestamp><setSpec>uge_bcen_RapidILL_BOOK</setSpec><setSpec>uge_aaca_RapidILL_BOOK</setSpec><setSpec>uge_abels_RapidILL_BOOK</setSpec><setSpec>uge_dbu_RapidILL_BOOK</setSpec><setSpec>uge_cmu_RapidILL_BOOK</setSpec><setSpec>uge_mail_RapidILL_BOOK</setSpec><setSpec>uge_abbat_RapidILL_BOOK</setSpec><setSpec>UNIGE_ALL</setSpec><setSpec>uge_acar_RapidILL_BOOK</setSpec><setSpec>uge_aobs_RapidILL_BOOK</setSpec></header><metadata>
<record xmlns="http://www.loc.gov/MARC21/slim" xmlns:xsi="http://www.w3.org/2001/XMLSchema-instance" xsi:schemaLocation="http://www.loc.gov/MARC21/slim http://www.loc.gov/standards/marcxml/schema/MARC21slim.xsd"><leader>02224nam a2200469 c 4500</leader><controlfield tag="001">991000015709705502</controlfield><controlfield tag="005">20230630210402.0</controlfield><controlfield tag="008">130729s2013    gw ||||| |||| 00| ||ger d</controlfield><datafield ind1=" " ind2=" " tag="020"><subfield code="a">9783406614651</subfield><subfield code="c">CHF 349.-</subfield></datafield><datafield ind1="7" ind2=" " tag="024"><subfield code="a">http://catalogue.bnf.fr/ark:/12148/cb43653740v</subfield><subfield code="2">uri</subfield></datafield><datafield ind1=" " ind2=" " tag="035"><subfield code="a">(swissbib)117819883-41slsp_network</subfield></datafield><datafield ind1=" " ind2=" " tag="035"><subfield code="a">117819883</subfield><subfield code="9">ExL</subfield></datafield><datafield ind1=" " ind2=" " tag="035"><subfield code="a">(RERO)R007428723-41slsp</subfield></datafield><datafield ind1=" " ind2=" " tag="035"><subfield code="a">(EXLNZ-41SLSP_NETWORK)991104117749705501</subfield></datafield><datafield ind1=" " ind2=" " tag="040"><subfield code="a">RERO iftfla</subfield><subfield code="d">CH-ZuSLS</subfield></datafield><datafield ind1=" " ind2="7" tag="072"><subfield code="a">dr</subfield><subfield code="2">rero</subfield></datafield><datafield ind1=" " ind2=" " tag="084"><subfield code="a">CA/D 63 b</subfield><subfield code="2">cjurrom</subfield></datafield><datafield ind1="0" ind2="0" tag="245"><subfield code="a">Schuldrecht, Besonderer Teil III</subfield><subfield code="b">§§ 705-853 : Partnerschaftsgesellschaftsgesetz, Produkthaftungsgesetz</subfield><subfield code="c">Red.: Mathias Habersack</subfield></datafield><datafield ind1=" " ind2=" " tag="250"><subfield code="a">6. Aufl.</subfield></datafield><datafield ind1=" " ind2="1" tag="264"><subfield code="a">München</subfield><subfield code="b">C.H. Beck</subfield><subfield code="c">2013</subfield></datafield><datafield ind1=" " ind2=" " tag="300"><subfield code="a">2980 S.</subfield></datafield><datafield ind1=" " ind2=" " tag="336"><subfield code="b">txt</subfield><subfield code="2">rdacontent</subfield></datafield><datafield ind1=" " ind2=" " tag="337"><subfield code="b">n</subfield><subfield code="2">rdamedia</subfield></datafield><datafield ind1=" " ind2=" " tag="338"><subfield code="b">nc</subfield><subfield code="2">rdacarrier</subfield></datafield><datafield ind1="1" ind2=" " tag="490"><subfield code="a">Münchener Kommentar zum Bürgerlichen Gesetzbuch</subfield><subfield code="v">Bd. 5</subfield></datafield><datafield ind1=" " ind2="7" tag="650"><subfield code="a">Obligations (droit)</subfield><subfield code="0">(IDREF)027265846</subfield><subfield code="2">idref</subfield></datafield><datafield ind1=" " ind2="7" tag="650"><subfield code="a">Leibrentenvertrag</subfield><subfield code="9">ger</subfield><subfield code="0">(RERO)jurivoc000014121ger</subfield><subfield code="2">jurivoc</subfield></datafield><datafield ind1=" " ind2="7" tag="650"><subfield code="a">Bürgschaft</subfield><subfield code="9">ger</subfield><subfield code="0">(RERO)jurivoc000004944ger</subfield><subfield code="2">jurivoc</subfield></datafield><datafield ind1=" " ind2="7" tag="650"><subfield code="a">Vergleich</subfield><subfield code="9">ger</subfield><subfield code="0">(RERO)jurivoc000024490ger</subfield><subfield code="2">jurivoc</subfield></datafield><datafield ind1=" " ind2="7" tag="650"><subfield code="a">Schuldanerkennung</subfield><subfield code="9">ger</subfield><subfield code="0">(RERO)jurivoc000019715ger</subfield><subfield code="2">jurivoc</subfield></datafield><datafield ind1=" " ind2="7" tag="650"><subfield code="a">Anweisung(Vertrag)</subfield><subfield code="9">ger</subfield><subfield code="0">(RERO)jurivoc000001518ger</subfield><subfield code="2">jurivoc</subfield></datafield><datafield ind1=" " ind2="7" tag="650"><subfield code="a">gemischtwirtschaftliche Unternehmung</subfield><subfield code="9">ger</subfield><subfield code="0">(RERO)jurivoc000009487ger</subfield><subfield code="2">jurivoc</subfield></datafield><datafield ind1=" " ind2="7" tag="650"><subfield code="a">freier Beruf</subfield><subfield code="9">ger</subfield><subfield code="0">(RERO)jurivoc000008725ger</subfield><subfield code="2">jurivoc</subfield></datafield><datafield ind1=" " ind2="7" tag="650"><subfield code="a">Produktehaftung</subfield><subfield code="9">ger</subfield><subfield code="0">(RERO)jurivoc000017733ger</subfield><subfield code="2">jurivoc</subfield></datafield><datafield ind1=" " ind2="7" tag="650"><subfield code="a">Obligationenrecht</subfield><subfield code="9">ger</subfield><subfield code="0">(RERO)jurivoc000016243ger</subfield><subfield code="2">jurivoc</subfield></datafield><datafield ind1=" " ind2="7" tag="650"><subfield code="a">Gesellschaft(Personen- und Kapitalvereinigung)</subfield><subfield code="9">ger</subfield><subfield code="0">(RERO)jurivoc000009843ger</subfield><subfield code="2">jurivoc</subfield></datafield><datafield ind1=" " ind2="7" tag="651"><subfield code="a">Allemagne</subfield><subfield code="0">(IDREF)027218856</subfield><subfield code="2">idref</subfield></datafield><datafield ind1=" " ind2="7" tag="651"><subfield code="a">Deutschland</subfield><subfield code="9">ger</subfield><subfield code="0">(RERO)jurivoc000005510ger</subfield><subfield code="2">jurivoc</subfield></datafield><datafield ind1=" " ind2="7" tag="655"><subfield code="a">Commentaire de texte</subfield><subfield code="0">(IDREF)27790681</subfield><subfield code="2">idref</subfield></datafield><datafield ind1=" " ind2="7" tag="655"><subfield code="a">Textreproduktion</subfield><subfield code="9">ger</subfield><subfield code="2">jurivoc</subfield><subfield code="0">(RERO)jurivoc000022433ger</subfield></datafield><datafield ind1=" " ind2="7" tag="655"><subfield code="a">Kommentar(Werk)</subfield><subfield code="9">ger</subfield><subfield code="2">jurivoc</subfield><subfield code="0">(RERO)jurivoc000013038ger</subfield></datafield><datafield ind1="1" ind2=" " tag="700"><subfield code="a">Habersack, Mathias</subfield><subfield code="d">1960-....</subfield><subfield code="0">(IDREF)064099679</subfield></datafield><datafield ind1=" " ind2="0" tag="830"><subfield code="a">Münchener Kommentar zum Bürgerlichen Gesetzbuch</subfield><subfield code="v">5</subfield><subfield code="w">(RERO)bv01010537-41slsp</subfield></datafield></record>
</metadata></record>