<record><header><identifier>oai:alma.41SLSP_UGE:991000015499705502</identifier><datestamp>2023-03-01T01:09:17Z</datestamp><setSpec>uge_bcen_RapidILL_BOOK</setSpec><setSpec>uge_aaca_RapidILL_BOOK</setSpec><setSpec>uge_abels_RapidILL_BOOK</setSpec><setSpec>uge_dbu_RapidILL_BOOK</setSpec><setSpec>uge_cmu_RapidILL_BOOK</setSpec><setSpec>uge_mail_RapidILL_BOOK</setSpec><setSpec>UNIGE_ALL</setSpec><setSpec>uge_abbat_RapidILL_BOOK</setSpec><setSpec>uge_aobs_RapidILL_BOOK</setSpec><setSpec>uge_acar_RapidILL_BOOK</setSpec></header><metadata>
<record xmlns="http://www.loc.gov/MARC21/slim" xmlns:xsi="http://www.w3.org/2001/XMLSchema-instance" xsi:schemaLocation="http://www.loc.gov/MARC21/slim http://www.loc.gov/standards/marcxml/schema/MARC21slim.xsd"><leader>03036nam a2200577uc 4500</leader><controlfield tag="001">991000015499705502</controlfield><controlfield tag="005">20201230213408.0</controlfield><controlfield tag="008">201011s1978    ne     |      10| ||eng|d</controlfield><datafield ind1=" " ind2=" " tag="020"><subfield code="a">0444851801</subfield></datafield><datafield ind1=" " ind2=" " tag="035"><subfield code="a">(swissbib)222383399-41slsp_network</subfield></datafield><datafield ind1=" " ind2=" " tag="035"><subfield code="a">222383399</subfield><subfield code="9">ExL</subfield></datafield><datafield ind1=" " ind2=" " tag="035"><subfield code="a">(NEBIS)000199116EBI01</subfield></datafield><datafield ind1=" " ind2=" " tag="035"><subfield code="a">(RERO)2163380-41slsp</subfield></datafield><datafield ind1=" " ind2=" " tag="035"><subfield code="a">(EXLNZ-41SLSP_NETWORK)991051141049705501</subfield></datafield><datafield ind1=" " ind2=" " tag="040"><subfield code="a">ETH-BIB</subfield><subfield code="b">ger</subfield><subfield code="e">ETHICS-ISBD</subfield><subfield code="d">CH-ZuSLS</subfield></datafield><datafield ind1=" " ind2="7" tag="072"><subfield code="a">in</subfield><subfield code="2">rero</subfield></datafield><datafield ind1="0" ind2="0" tag="082"><subfield code="a">301.31/01/84</subfield><subfield code="2">18</subfield></datafield><datafield ind1="0" ind2="0" tag="082"><subfield code="a">333.7/01/84</subfield></datafield><datafield ind1="0" ind2="4" tag="082"><subfield code="a">620.8</subfield><subfield code="b">I236</subfield></datafield><datafield ind1="0" ind2="4" tag="082"><subfield code="a">551.4028 UKP</subfield></datafield><datafield ind1="0" ind2="0" tag="245"><subfield code="a">Modeling, identification and control in environmental systems</subfield><subfield code="b">proceedings of the IFIP working conference on modeling and simulation of land, air and water resources systems : Ghent, August 30-September 2, 1977</subfield><subfield code="c">ed.: Ghislain C.Vansteenkiste; org.: IFIP Technical Committee 7 - System modeling and optimization</subfield></datafield><datafield ind1="1" ind2=" " tag="246"><subfield code="a">WORKING CONFERENCE on MODELING AND SIMULATION of LAND, AIR AND WATER RESOURCES SYSTEMS</subfield></datafield><datafield ind1="1" ind2=" " tag="246"><subfield code="a">MODELING AND SIMULATION of LAND, AIR AND WATER RESOURCES SYSTEMS</subfield></datafield><datafield ind1=" " ind2="1" tag="264"><subfield code="a">Amsterdam a.o.</subfield><subfield code="b">North-Holland</subfield><subfield code="c">1978</subfield></datafield><datafield ind1=" " ind2=" " tag="300"><subfield code="a">XVIII, 1028 p.</subfield><subfield code="c">24 cm</subfield><subfield code="b">fig.; tab.; diagr.</subfield></datafield><datafield ind1=" " ind2=" " tag="336"><subfield code="b">txt</subfield><subfield code="2">rdacontent</subfield></datafield><datafield ind1=" " ind2=" " tag="337"><subfield code="b">n</subfield><subfield code="2">rdamedia</subfield></datafield><datafield ind1=" " ind2=" " tag="338"><subfield code="b">nc</subfield><subfield code="2">rdacarrier</subfield></datafield><datafield ind1=" " ind2="7" tag="650"><subfield code="a">Kontrolle</subfield><subfield code="0">(DE-588)4032312-2</subfield><subfield code="2">gnd</subfield></datafield><datafield ind1=" " ind2="7" tag="650"><subfield code="a">Mathematisches Modell</subfield><subfield code="0">(DE-588)4114528-8</subfield><subfield code="2">gnd</subfield></datafield><datafield ind1=" " ind2="7" tag="650"><subfield code="a">Umweltschutz</subfield><subfield code="0">(DE-588)4061644-7</subfield><subfield code="2">gnd</subfield></datafield><datafield ind1=" " ind2="7" tag="650"><subfield code="a">Umwelttechnik</subfield><subfield code="0">(DE-588)4061650-2</subfield><subfield code="2">gnd</subfield></datafield><datafield ind1=" " ind2="7" tag="650"><subfield code="a">Umweltverschmutzung</subfield><subfield code="0">(DE-588)4186812-2</subfield><subfield code="2">gnd</subfield></datafield><datafield ind1=" " ind2="0" tag="650"><subfield code="a">Environmental engineering</subfield><subfield code="x">Data processing</subfield></datafield><datafield ind1=" " ind2="0" tag="650"><subfield code="a">Environmental engineering</subfield><subfield code="x">Data processing</subfield><subfield code="v">Congresses</subfield></datafield><datafield ind1=" " ind2="0" tag="650"><subfield code="a">Environmental engineering</subfield><subfield code="x">Mathematical models</subfield></datafield><datafield ind1=" " ind2="0" tag="650"><subfield code="a">Environmental engineering</subfield><subfield code="x">Mathematical models</subfield><subfield code="v">Congresses</subfield></datafield><datafield ind1=" " ind2="0" tag="650"><subfield code="a">Pollution</subfield><subfield code="x">Data processing</subfield></datafield><datafield ind1=" " ind2="0" tag="650"><subfield code="a">Pollution</subfield><subfield code="x">Data processing</subfield><subfield code="v">Congresses</subfield></datafield><datafield ind1=" " ind2="0" tag="650"><subfield code="a">Pollution</subfield><subfield code="x">Mathematical models</subfield></datafield><datafield ind1=" " ind2="0" tag="650"><subfield code="a">Pollution</subfield><subfield code="x">Mathematical models</subfield><subfield code="v">Congresses</subfield></datafield><datafield ind1=" " ind2="7" tag="650"><subfield code="a">KONTROLLE DER UMWELTQUALITÄT UND UMWELTVERSCHMUTZUNG (UMWELTSCHUTZ)</subfield><subfield code="9">ger</subfield><subfield code="0">(ETHUDK)000012428</subfield><subfield code="2">ethudk</subfield></datafield><datafield ind1=" " ind2="7" tag="650"><subfield code="a">MODELLE, MODELLVORSTELLUNGEN (UMWELTWISSENSCHAFTEN, UMWELTSCHUTZ)</subfield><subfield code="9">ger</subfield><subfield code="0">(ETHUDK)000042320</subfield><subfield code="2">ethudk</subfield></datafield><datafield ind1=" " ind2="7" tag="650"><subfield code="a">UMWELTDATEN, BESTANDESAUFNAHME UND ERFASSUNG DER UMWELTQUALITÄT (UMWELTSCHUTZ)</subfield><subfield code="9">ger</subfield><subfield code="0">(ETHUDK)000012425</subfield><subfield code="2">ethudk</subfield></datafield><datafield ind1=" " ind2="7" tag="655"><subfield code="a">Konferenzschrift</subfield><subfield code="z">Gent</subfield><subfield code="y">1977/08</subfield><subfield code="b">1977/09</subfield><subfield code="2">gnd-content</subfield></datafield><datafield ind1="1" ind2=" " tag="700"><subfield code="a">Vansteenkiste, Ghislain C.</subfield><subfield code="0">(IDREF)070035067</subfield></datafield><datafield ind1="1" ind2=" " tag="700"><subfield code="a">Vansteenkiste, G.C.</subfield></datafield><datafield ind1="2" ind2=" " tag="710"><subfield code="a">Fédération internationale pour le traitement de l'information</subfield><subfield code="b">Technical Committee 7</subfield><subfield code="b">Working Conference on Modeling and Simulation of Land, Air and Water Resources Systems</subfield><subfield code="d">1977</subfield><subfield code="c">Ghent</subfield><subfield code="0">(RERO)A012535454</subfield></datafield><datafield ind1="2" ind2=" " tag="710"><subfield code="a">International Federation for Information Processing</subfield><subfield code="0">(DE-588)1003417-1</subfield></datafield><datafield ind1="2" ind2=" " tag="711"><subfield code="a">Working Conference on Modelling and Simulation of Land, Air and Water Resources Systems</subfield><subfield code="d">1977</subfield><subfield code="c">Gent</subfield><subfield code="0">(DE-588)815782-0</subfield></datafield><datafield ind1=" " ind2=" " tag="900"><subfield code="a">IDSZRMedeaZBZ</subfield><subfield code="b">IDSZRSWK</subfield></datafield><datafield ind1=" " ind2=" " tag="900"><subfield code="a">REROnoselfmerge</subfield></datafield></record>
</metadata></record>