<record><header><identifier>oai:alma.41SLSP_UGE:991000015729705502</identifier><datestamp>2023-03-06T01:08:51Z</datestamp><setSpec>uge_bcen_RapidILL_BOOK</setSpec><setSpec>uge_aaca_RapidILL_BOOK</setSpec><setSpec>uge_abels_RapidILL_BOOK</setSpec><setSpec>uge_dbu_RapidILL_BOOK</setSpec><setSpec>uge_cmu_RapidILL_BOOK</setSpec><setSpec>uge_mail_RapidILL_BOOK</setSpec><setSpec>uge_abbat_RapidILL_BOOK</setSpec><setSpec>UNIGE_ALL</setSpec><setSpec>uge_aobs_RapidILL_BOOK</setSpec><setSpec>uge_acar_RapidILL_BOOK</setSpec></header><metadata>
<record xmlns="http://www.loc.gov/MARC21/slim" xmlns:xsi="http://www.w3.org/2001/XMLSchema-instance" xsi:schemaLocation="http://www.loc.gov/MARC21/slim http://www.loc.gov/standards/marcxml/schema/MARC21slim.xsd"><leader>01889nam a22004932c 4500</leader><controlfield tag="001">991000015729705502</controlfield><controlfield tag="005">20230305080314.0</controlfield><controlfield tag="008">201011s1999    xxu||||| |||| 00| ||eng d</controlfield><datafield ind1=" " ind2=" " tag="020"><subfield code="a">9780805829082</subfield><subfield code="q">cloth</subfield></datafield><datafield ind1=" " ind2=" " tag="020"><subfield code="a">9780805829099</subfield><subfield code="q">pbk.</subfield></datafield><datafield ind1=" " ind2=" " tag="020"><subfield code="a">0805829083</subfield><subfield code="q">cloth</subfield></datafield><datafield ind1=" " ind2=" " tag="020"><subfield code="a">0805829091</subfield><subfield code="q">paperb.</subfield></datafield><datafield ind1=" " ind2=" " tag="035"><subfield code="a">(swissbib)21907819X-41slsp_network</subfield></datafield><datafield ind1=" " ind2=" " tag="035"><subfield code="a">21907819X</subfield><subfield code="9">ExL</subfield></datafield><datafield ind1=" " ind2=" " tag="035"><subfield code="a">(RERO)R006290658-41slsp</subfield></datafield><datafield ind1=" " ind2=" " tag="035"><subfield code="a">(NEBIS)008250844EBI01</subfield></datafield><datafield ind1=" " ind2=" " tag="035"><subfield code="a">(EXLNZ-41SLSP_NETWORK)991035461789705501</subfield></datafield><datafield ind1=" " ind2=" " tag="040"><subfield code="a">GyGoGBV</subfield><subfield code="d">CH-ZuSLS</subfield></datafield><datafield ind1=" " ind2="0" tag="050"><subfield code="a">QA135.5</subfield></datafield><datafield ind1=" " ind2="7" tag="072"><subfield code="a">ma</subfield><subfield code="2">rero</subfield></datafield><datafield ind1=" " ind2="7" tag="072"><subfield code="a">pe</subfield><subfield code="2">rero</subfield></datafield><datafield ind1="0" ind2="0" tag="082"><subfield code="a">372.70973</subfield></datafield><datafield ind1="1" ind2=" " tag="100"><subfield code="a">Ma, Liping</subfield><subfield code="0">(IDREF)10809202X</subfield><subfield code="4">cre</subfield></datafield><datafield ind1="1" ind2="0" tag="245"><subfield code="a">Knowing and teaching elementary mathematics</subfield><subfield code="b">teachers' understanding of fundamental mathematics in China and the United States</subfield><subfield code="c">Liping Ma</subfield></datafield><datafield ind1=" " ind2="1" tag="264"><subfield code="a">Mahwah, NJ [u.a.]</subfield><subfield code="b">Lawrence Erlbaum Associates</subfield><subfield code="c">1999</subfield></datafield><datafield ind1=" " ind2=" " tag="300"><subfield code="a">XXV, 166 p.</subfield><subfield code="b">ill.</subfield><subfield code="c">24 cm.</subfield></datafield><datafield ind1=" " ind2=" " tag="336"><subfield code="b">txt</subfield><subfield code="2">rdacontent</subfield></datafield><datafield ind1=" " ind2=" " tag="337"><subfield code="b">n</subfield><subfield code="2">rdamedia</subfield></datafield><datafield ind1=" " ind2=" " tag="338"><subfield code="b">nc</subfield><subfield code="2">rdacarrier</subfield></datafield><datafield ind1="0" ind2=" " tag="490"><subfield code="a">Studies in mathematical thinking and learning</subfield></datafield><datafield ind1=" " ind2=" " tag="500"><subfield code="a">Includes bibliographical references (p. 156-160) and indexes</subfield></datafield><datafield ind1=" " ind2="0" tag="650"><subfield code="a">Comparative education</subfield></datafield><datafield ind1=" " ind2="0" tag="650"><subfield code="a">Mathematics</subfield><subfield code="x">Study and teaching (Elementary)</subfield><subfield code="z">China</subfield></datafield><datafield ind1=" " ind2="0" tag="650"><subfield code="a">Mathematics</subfield><subfield code="x">Study and teaching (Elementary)</subfield><subfield code="z">United States</subfield></datafield><datafield ind1=" " ind2="7" tag="650"><subfield code="a">Mathématiques</subfield><subfield code="0">(IDREF)02723875X</subfield><subfield code="2">idref</subfield></datafield><datafield ind1=" " ind2="7" tag="650"><subfield code="a">Étude et enseignement (primaire)</subfield><subfield code="0">(IDREF)027790649</subfield><subfield code="2">idref</subfield></datafield><datafield ind1=" " ind2=" " tag="690"><subfield code="a">Mathematikunterricht</subfield><subfield code="2">uzb-UX</subfield></datafield><datafield ind1=" " ind2=" " tag="690"><subfield code="a">vergleichende Erziehungswissenschaft</subfield><subfield code="2">uzb-UX</subfield></datafield><datafield ind1=" " ind2=" " tag="690"><subfield code="a">Lehrerverhalten</subfield><subfield code="2">uzb-UX</subfield></datafield><datafield ind1=" " ind2=" " tag="690"><subfield code="a">Unterrichtsforschung</subfield><subfield code="2">uzb-UX</subfield></datafield><datafield ind1=" " ind2=" " tag="690"><subfield code="a">Lehrer</subfield><subfield code="2">uzb-UX</subfield></datafield><datafield ind1="4" ind2="2" tag="856"><subfield code="u">http://catdir.loc.gov/catdir/enhancements/fy0709/99017342-d.html</subfield></datafield><datafield ind1="4" ind2="2" tag="856"><subfield code="u">http://www.gbv.de/dms/goettingen/266337473.pdf</subfield></datafield><datafield ind1=" " ind2=" " tag="900"><subfield code="a">REROnoselfmerge</subfield></datafield><datafield ind1=" " ind2=" " tag="910"><subfield code="a">OCoLC</subfield><subfield code="b">20110914</subfield><subfield code="c">Droits réservés</subfield></datafield></record>
</metadata></record>