<record><header><identifier>oai:alma.41SLSP_UGE:991000016349705502</identifier><datestamp>2023-03-01T01:09:17Z</datestamp><setSpec>uge_bcen_RapidILL_BOOK</setSpec><setSpec>uge_aaca_RapidILL_BOOK</setSpec><setSpec>uge_abels_RapidILL_BOOK</setSpec><setSpec>uge_dbu_RapidILL_BOOK</setSpec><setSpec>uge_cmu_RapidILL_BOOK</setSpec><setSpec>uge_mail_RapidILL_BOOK</setSpec><setSpec>UNIGE_ALL</setSpec><setSpec>uge_abbat_RapidILL_BOOK</setSpec><setSpec>uge_aobs_RapidILL_BOOK</setSpec><setSpec>uge_acar_RapidILL_BOOK</setSpec></header><metadata>
<record xmlns="http://www.loc.gov/MARC21/slim" xmlns:xsi="http://www.w3.org/2001/XMLSchema-instance" xsi:schemaLocation="http://www.loc.gov/MARC21/slim http://www.loc.gov/standards/marcxml/schema/MARC21slim.xsd"><leader>01134nam a2200313 c 4500</leader><controlfield tag="001">991000016349705502</controlfield><controlfield tag="005">20210207120707.0</controlfield><controlfield tag="008">071207s2007    au ||||| |||| 01| ||ger d</controlfield><datafield ind1=" " ind2=" " tag="020"><subfield code="a">9783825808099</subfield></datafield><datafield ind1=" " ind2=" " tag="035"><subfield code="a">(swissbib)106192558-41slsp_network</subfield></datafield><datafield ind1=" " ind2=" " tag="035"><subfield code="a">106192558</subfield><subfield code="9">ExL</subfield></datafield><datafield ind1=" " ind2=" " tag="035"><subfield code="a">(RERO)R004614736-41slsp</subfield></datafield><datafield ind1=" " ind2=" " tag="035"><subfield code="a">(EXLNZ-41SLSP_NETWORK)991127510859705501</subfield></datafield><datafield ind1=" " ind2=" " tag="040"><subfield code="a">RERO geulan</subfield><subfield code="d">CH-ZuSLS</subfield></datafield><datafield ind1=" " ind2="7" tag="072"><subfield code="a">an</subfield><subfield code="2">rero</subfield></datafield><datafield ind1="0" ind2="0" tag="245"><subfield code="a">Theories and texts</subfield><subfield code="b">for students by students</subfield><subfield code="c">Walter W. Hölbling, Justine Tally (Eds.)</subfield></datafield><datafield ind1=" " ind2="1" tag="264"><subfield code="a">Wien</subfield><subfield code="b">LIT</subfield><subfield code="c">[2007]</subfield></datafield><datafield ind1=" " ind2="4" tag="264"><subfield code="c">© 2007</subfield></datafield><datafield ind1=" " ind2=" " tag="300"><subfield code="a">328 p.</subfield><subfield code="c">22 cm</subfield></datafield><datafield ind1=" " ind2=" " tag="336"><subfield code="b">txt</subfield><subfield code="2">rdacontent</subfield></datafield><datafield ind1=" " ind2=" " tag="337"><subfield code="b">n</subfield><subfield code="2">rdamedia</subfield></datafield><datafield ind1=" " ind2=" " tag="338"><subfield code="b">nc</subfield><subfield code="2">rdacarrier</subfield></datafield><datafield ind1="1" ind2=" " tag="490"><subfield code="a">American studies in Austria</subfield><subfield code="v">vol. 7</subfield></datafield><datafield ind1="1" ind2="7" tag="600"><subfield code="a">Morrison, Toni.</subfield><subfield code="t">Beloved</subfield><subfield code="0">(RERO)A010191022</subfield><subfield code="2">rero</subfield></datafield><datafield ind1="1" ind2="7" tag="600"><subfield code="a">Morrison, Toni</subfield><subfield code="d">1931-2019</subfield><subfield code="t">Jazz</subfield><subfield code="0">(IDREF)068697937</subfield><subfield code="2">idref</subfield></datafield><datafield ind1="1" ind2="7" tag="600"><subfield code="a">Kingsolver, Barbara.</subfield><subfield code="t">The poisonwood Bible</subfield><subfield code="0">(RERO)A014114589</subfield><subfield code="2">rero</subfield></datafield><datafield ind1=" " ind2="7" tag="655"><subfield code="a">[Études diverses]</subfield><subfield code="0">(RERO)A022249905</subfield><subfield code="2">rero</subfield></datafield><datafield ind1="1" ind2=" " tag="700"><subfield code="a">Hölbling, Walter</subfield><subfield code="d">19..-....</subfield><subfield code="0">(IDREF)199168199</subfield></datafield><datafield ind1=" " ind2="0" tag="830"><subfield code="a">American studies in Austria</subfield><subfield code="v">7</subfield><subfield code="w">(RERO)R003732878-41slsp</subfield></datafield><datafield ind1=" " ind2=" " tag="900"><subfield code="a">REROnoselfmerge</subfield></datafield></record>
</metadata></record>