<record><header><identifier>oai:alma.41SLSP_UGE:991000016139705502</identifier><datestamp>2023-03-01T01:09:17Z</datestamp><setSpec>uge_bcen_RapidILL_BOOK</setSpec><setSpec>uge_aaca_RapidILL_BOOK</setSpec><setSpec>uge_abels_RapidILL_BOOK</setSpec><setSpec>uge_dbu_RapidILL_BOOK</setSpec><setSpec>uge_cmu_RapidILL_BOOK</setSpec><setSpec>uge_mail_RapidILL_BOOK</setSpec><setSpec>UNIGE_ALL</setSpec><setSpec>uge_abbat_RapidILL_BOOK</setSpec><setSpec>uge_acar_RapidILL_BOOK</setSpec><setSpec>uge_aobs_RapidILL_BOOK</setSpec></header><metadata>
<record xmlns="http://www.loc.gov/MARC21/slim" xmlns:xsi="http://www.w3.org/2001/XMLSchema-instance" xsi:schemaLocation="http://www.loc.gov/MARC21/slim http://www.loc.gov/standards/marcxml/schema/MARC21slim.xsd"><leader>04619nam a2200841 c 4500</leader><controlfield tag="001">991000016139705502</controlfield><controlfield tag="005">20230214202149.0</controlfield><controlfield tag="008">201011s2009    xxk||||| |||| 00| ||eng d</controlfield><datafield ind1=" " ind2=" " tag="015"><subfield code="a">GBA940305</subfield><subfield code="2">bnb</subfield></datafield><datafield ind1=" " ind2=" " tag="020"><subfield code="a">9780230229372</subfield><subfield code="q">hbk.</subfield><subfield code="c">£55.00</subfield></datafield><datafield ind1=" " ind2=" " tag="020"><subfield code="a">0230229379</subfield><subfield code="q">hbk.</subfield><subfield code="c">£55.00</subfield></datafield><datafield ind1=" " ind2=" " tag="020"><subfield code="a">9780230271784</subfield><subfield code="q">eISBN</subfield></datafield><datafield ind1="7" ind2=" " tag="024"><subfield code="a">http://catalogue.bnf.fr/ark:/12148/cb42202234f</subfield><subfield code="2">uri</subfield></datafield><datafield ind1=" " ind2=" " tag="035"><subfield code="a">(swissbib)225688468-41slsp_network</subfield></datafield><datafield ind1=" " ind2=" " tag="035"><subfield code="a">225688468</subfield><subfield code="9">ExL</subfield></datafield><datafield ind1=" " ind2=" " tag="035"><subfield code="a">(RERO)R005145346-41slsp</subfield></datafield><datafield ind1=" " ind2=" " tag="035"><subfield code="a">(NEBIS)005887768EBI01</subfield></datafield><datafield ind1=" " ind2=" " tag="035"><subfield code="a">(EXLNZ-41SLSP_NETWORK)991107371489705501</subfield></datafield><datafield ind1=" " ind2=" " tag="040"><subfield code="a">RERO geulhg</subfield><subfield code="d">CH-ZuSLS</subfield></datafield><datafield ind1=" " ind2="7" tag="072"><subfield code="a">ht</subfield><subfield code="2">rero</subfield></datafield><datafield ind1=" " ind2="7" tag="072"><subfield code="a">sp</subfield><subfield code="2">rero</subfield></datafield><datafield ind1="0" ind2="4" tag="082"><subfield code="a">327.43804</subfield><subfield code="2">22</subfield></datafield><datafield ind1="0" ind2="4" tag="082"><subfield code="a">940.049185</subfield><subfield code="2">22</subfield></datafield><datafield ind1="1" ind2=" " tag="100"><subfield code="a">Lane, Thomas</subfield><subfield code="d">1938-....</subfield><subfield code="0">(IDREF)30626528</subfield><subfield code="4">cre</subfield></datafield><datafield ind1="1" ind2="0" tag="245"><subfield code="a">Poland and European integration</subfield><subfield code="b">the ideas and movements of Polish exiles in the West, 1939-91</subfield><subfield code="c">Thomas Lane and Marian Wolański</subfield></datafield><datafield ind1=" " ind2="1" tag="264"><subfield code="a">Basingstoke</subfield><subfield code="b">Palgrave Macmillan</subfield><subfield code="c">2009</subfield></datafield><datafield ind1=" " ind2=" " tag="300"><subfield code="a">viii, 311 p.</subfield></datafield><datafield ind1=" " ind2=" " tag="336"><subfield code="b">txt</subfield><subfield code="2">rdacontent</subfield></datafield><datafield ind1=" " ind2=" " tag="337"><subfield code="b">n</subfield><subfield code="2">rdamedia</subfield></datafield><datafield ind1=" " ind2=" " tag="338"><subfield code="b">nc</subfield><subfield code="2">rdacarrier</subfield></datafield><datafield ind1=" " ind2=" " tag="504"><subfield code="a">Bibliography: p. 275-297</subfield></datafield><datafield ind1=" " ind2=" " tag="504"><subfield code="a">Index.</subfield></datafield><datafield ind1=" " ind2=" " tag="520"><subfield code="a">Today's Euroscepticism contrasts sharply with the idealism of the thousands of Poles thrust out of their country after 1939 by war, occupation and communism. How could a future Poland find security and progress, but by membership in a union of European states? This book explores how Poles in exile attempted to shape opinion in Poland and the West. Polish exiles in the West after 1939 were in the vanguard of the movement for European integration and rank with the so-called founding fathers of European unity for the fertility of their ideas. Unprepared to return to a communist-dominated homeland they debated how the perennial insecurity of their country could be overcome if and when the Iron Curtain came down. After intensive discussions in their journals and in various clubs and societies over half a century they concluded that Poland's independence, economic growth and social development could only be guaranteed by membership in a European association of states. To this end they formulated and refined their federalist conceptions and participated actively in west European organizations such as the Council of Europe and the European Movement. Their political activities are set in the context of international relations during the Cold War. Interviews with leading figures in post-communist Poland assess the impact of the exiles on Polish attitudes to the European Union</subfield></datafield><datafield ind1=" " ind2="7" tag="648"><subfield code="a">Geschichte 1900-2000</subfield><subfield code="2">idszbz</subfield></datafield><datafield ind1=" " ind2="7" tag="648"><subfield code="a">Geschichte 1939-1991</subfield><subfield code="2">gnd</subfield></datafield><datafield ind1=" " ind2="7" tag="650"><subfield code="a">exilé politique polonais</subfield><subfield code="0">(RERO)A016790946</subfield><subfield code="2">rerovoc</subfield></datafield><datafield ind1=" " ind2="7" tag="650"><subfield code="a">Guerre froide</subfield><subfield code="0">(IDREF)031335837</subfield><subfield code="2">idref</subfield></datafield><datafield ind1=" " ind2="7" tag="650"><subfield code="a">1939-1991</subfield><subfield code="2">rero</subfield></datafield><datafield ind1=" " ind2="7" tag="650"><subfield code="a">Auswanderer</subfield><subfield code="2">idszbz</subfield></datafield><datafield ind1=" " ind2="7" tag="650"><subfield code="a">Europäische Integration</subfield><subfield code="2">idszbz</subfield></datafield><datafield ind1=" " ind2="0" tag="650"><subfield code="a">Post-communism</subfield><subfield code="z">Poland</subfield></datafield><datafield ind1=" " ind2="0" tag="650"><subfield code="a">European federation</subfield></datafield><datafield ind1=" " ind2="0" tag="650"><subfield code="a">Exiles</subfield><subfield code="z">Poland</subfield></datafield><datafield ind1=" " ind2="7" tag="650"><subfield code="a">Auswanderer</subfield><subfield code="0">(DE-588)4131725-7</subfield><subfield code="2">gnd</subfield></datafield><datafield ind1=" " ind2="7" tag="650"><subfield code="a">Ethnische Gruppe</subfield><subfield code="0">(DE-588)4153095-0</subfield><subfield code="2">gnd</subfield></datafield><datafield ind1=" " ind2="7" tag="650"><subfield code="a">Europabewegung</subfield><subfield code="0">(DE-588)4153169-3</subfield><subfield code="2">gnd</subfield></datafield><datafield ind1=" " ind2="7" tag="650"><subfield code="a">Europäische Integration</subfield><subfield code="0">(DE-588)4071013-0</subfield><subfield code="2">gnd</subfield></datafield><datafield ind1=" " ind2="7" tag="650"><subfield code="a">Europagedanke</subfield><subfield code="0">(DE-588)4071026-9</subfield><subfield code="2">gnd</subfield></datafield><datafield ind1=" " ind2="7" tag="650"><subfield code="a">Exil</subfield><subfield code="0">(DE-588)4015959-0</subfield><subfield code="2">gnd</subfield></datafield><datafield ind1=" " ind2="0" tag="650"><subfield code="a">EU &amp; European institutions</subfield><subfield code="z">Poland</subfield></datafield><datafield ind1=" " ind2="0" tag="650"><subfield code="a">European history</subfield><subfield code="z">Poland</subfield></datafield><datafield ind1=" " ind2="0" tag="650"><subfield code="a">Exiles</subfield><subfield code="z">Poland</subfield><subfield code="x">Social conditions</subfield></datafield><datafield ind1=" " ind2="0" tag="650"><subfield code="a">History</subfield></datafield><datafield ind1=" " ind2="0" tag="650"><subfield code="a">Political science</subfield></datafield><datafield ind1=" " ind2="0" tag="650"><subfield code="a">Politics and Government</subfield></datafield><datafield ind1=" " ind2="0" tag="650"><subfield code="a">Postwar 20th century history, from c 1945 to c 2000 00</subfield><subfield code="z">Poland</subfield></datafield><datafield ind1=" " ind2="0" tag="650"><subfield code="a">Social sciences</subfield></datafield><datafield ind1=" " ind2="7" tag="651"><subfield code="a">Europe de l'Ouest</subfield><subfield code="0">(IDREF)027224694</subfield><subfield code="2">idref</subfield></datafield><datafield ind1=" " ind2="7" tag="651"><subfield code="a">Pologne</subfield><subfield code="0">(IDREF)027243222</subfield><subfield code="2">idref</subfield></datafield><datafield ind1=" " ind2="7" tag="651"><subfield code="a">Europe</subfield><subfield code="x">Unité</subfield><subfield code="0">(IDREF)027495892</subfield><subfield code="2">idref</subfield></datafield><datafield ind1=" " ind2="7" tag="651"><subfield code="a">Polen</subfield><subfield code="2">idszbz</subfield></datafield><datafield ind1=" " ind2="0" tag="651"><subfield code="a">Poland</subfield><subfield code="x">Foreign relations</subfield><subfield code="z">Europe</subfield></datafield><datafield ind1=" " ind2="0" tag="651"><subfield code="a">Poland</subfield><subfield code="x">Foreign relations</subfield><subfield code="y">1945-</subfield></datafield><datafield ind1=" " ind2="0" tag="651"><subfield code="a">Europe</subfield><subfield code="x">Foreign relations</subfield><subfield code="z">Poland</subfield></datafield><datafield ind1=" " ind2="0" tag="651"><subfield code="a">Poland</subfield><subfield code="x">Politics and government</subfield><subfield code="y">1945-</subfield></datafield><datafield ind1=" " ind2="0" tag="651"><subfield code="a">Europe</subfield><subfield code="x">Economic integration</subfield></datafield><datafield ind1=" " ind2="7" tag="651"><subfield code="a">Polen</subfield><subfield code="0">(DE-588)4046496-9</subfield><subfield code="2">gnd</subfield></datafield><datafield ind1=" " ind2="0" tag="651"><subfield code="a">Poland</subfield><subfield code="x">Politics and government</subfield><subfield code="y">20th century</subfield></datafield><datafield ind1="1" ind2=" " tag="700"><subfield code="a">Lane, A. T.</subfield><subfield code="d">1938-</subfield><subfield code="0">(DE-588)131677187</subfield></datafield><datafield ind1="1" ind2=" " tag="700"><subfield code="a">Wolański, Marian</subfield><subfield code="d">1939-</subfield><subfield code="0">(RERO)A016791595</subfield></datafield><datafield ind1="4" ind2=" " tag="856"><subfield code="3">Titelblatt und Inhaltsverzeichnis</subfield><subfield code="u">https://toc.library.ethz.ch/objects/pdf/z01_978-0-230-22937-2_01.pdf</subfield><subfield code="q">pdf</subfield></datafield><datafield ind1=" " ind2=" " tag="900"><subfield code="a">REROnoselfmerge</subfield></datafield><datafield ind1=" " ind2=" " tag="900"><subfield code="a">IDSZ2zbzmon200911f</subfield><subfield code="c">IDSZ2tobt</subfield><subfield code="d">IDSZ2zbzswk201002b</subfield><subfield code="e">IDSZ2bucp</subfield></datafield><datafield ind1=" " ind2=" " tag="949"><subfield code="a">https://toc.library.ethz.ch/objects/pdf/z01_978-0-230-22937-2_01.pdf</subfield></datafield></record>
</metadata></record>