<record><header><identifier>oai:alma.41SLSP_UGE:991000015929705502</identifier><datestamp>2024-10-18T00:18:13Z</datestamp><setSpec>uge_bcen_RapidILL_BOOK</setSpec><setSpec>uge_aaca_RapidILL_BOOK</setSpec><setSpec>uge_abels_RapidILL_BOOK</setSpec><setSpec>uge_dbu_RapidILL_BOOK</setSpec><setSpec>uge_cmu_RapidILL_BOOK</setSpec><setSpec>uge_mail_RapidILL_BOOK</setSpec><setSpec>uge_abbat_RapidILL_BOOK</setSpec><setSpec>UNIGE_ALL</setSpec><setSpec>uge_aobs_RapidILL_BOOK</setSpec><setSpec>uge_acar_RapidILL_BOOK</setSpec></header><metadata>
<record xmlns="http://www.loc.gov/MARC21/slim" xmlns:xsi="http://www.w3.org/2001/XMLSchema-instance" xsi:schemaLocation="http://www.loc.gov/MARC21/slim http://www.loc.gov/standards/marcxml/schema/MARC21slim.xsd"><leader>01910nam a2200409 c 4500</leader><controlfield tag="001">991000015929705502</controlfield><controlfield tag="005">20230326204658.0</controlfield><controlfield tag="008">140307s2008    fr ||||| |||| 00| ||mul d</controlfield><datafield ind1=" " ind2=" " tag="020"><subfield code="a">9782912080783</subfield></datafield><datafield ind1=" " ind2=" " tag="035"><subfield code="a">(swissbib)119306972-41slsp_network</subfield></datafield><datafield ind1=" " ind2=" " tag="035"><subfield code="a">119306972</subfield><subfield code="9">ExL</subfield></datafield><datafield ind1=" " ind2=" " tag="035"><subfield code="a">(RERO)R007668039-41slsp</subfield></datafield><datafield ind1=" " ind2=" " tag="035"><subfield code="a">(EXLNZ-41SLSP_NETWORK)991002898699705501</subfield></datafield><datafield ind1=" " ind2=" " tag="040"><subfield code="a">RERO geular</subfield><subfield code="d">CH-ZuSLS</subfield></datafield><datafield ind1="0" ind2=" " tag="041"><subfield code="a">ara</subfield><subfield code="a">fre</subfield></datafield><datafield ind1=" " ind2="7" tag="072"><subfield code="a">sm</subfield><subfield code="2">rero</subfield></datafield><datafield ind1="0" ind2="0" tag="245"><subfield code="a">&lt;&lt;Le&gt;&gt; cheval volant</subfield><subfield code="b">un conte des Mille et une nuits = al-Ḥisān al-ṭāʾir</subfield><subfield code="c">raconté par Jihad Darwiche ; ill. par Françoise Joire ; trad. arabe de Hassan Bourkia</subfield></datafield><datafield ind1="1" ind2=" " tag="246"><subfield code="a">Ḥisān al-ṭāʾir</subfield></datafield><datafield ind1=" " ind2="1" tag="264"><subfield code="a">Paris</subfield><subfield code="b">Ed. du Jasmin</subfield><subfield code="c">2008</subfield></datafield><datafield ind1=" " ind2=" " tag="300"><subfield code="a">Non pag.</subfield><subfield code="b">ill.</subfield><subfield code="c">33 cm</subfield></datafield><datafield ind1=" " ind2=" " tag="336"><subfield code="b">txt</subfield><subfield code="2">rdacontent</subfield></datafield><datafield ind1=" " ind2=" " tag="336"><subfield code="b">sti</subfield><subfield code="2">rdacontent</subfield></datafield><datafield ind1=" " ind2=" " tag="337"><subfield code="b">n</subfield><subfield code="2">rdamedia</subfield></datafield><datafield ind1=" " ind2=" " tag="338"><subfield code="b">nc</subfield><subfield code="2">rdacarrier</subfield></datafield><datafield ind1=" " ind2=" " tag="500"><subfield code="a">Ouvrage bilingue en français et arabe</subfield></datafield><datafield ind1="8" ind2=" " tag="520"><subfield code="a">A Chiraz, le jour de l'an perse, premier jour du printemps, le prince héritier Kamar al-Akmâr essaye le cheval volant inventé par un vieux savant. Ne sachant pas le manoeuvrer il atterrit au Yémen, à Sanaa, et surprend une belle princesse dans son sommeil. (Electre)</subfield><subfield code="5">RERO/njhep-/04.2020/3814</subfield></datafield><datafield ind1="0" ind2="7" tag="630"><subfield code="a">Mille et une nuits</subfield><subfield code="2">rero</subfield><subfield code="0">(RERO)A010117489</subfield></datafield><datafield ind1=" " ind2="7" tag="650"><subfield code="a">Princes</subfield><subfield code="0">(IDREF)027266168</subfield><subfield code="2">idref</subfield></datafield><datafield ind1=" " ind2="7" tag="650"><subfield code="a">Cheval</subfield><subfield code="0">(IDREF)027222829</subfield><subfield code="2">idref</subfield></datafield><datafield ind1=" " ind2="7" tag="651"><subfield code="a">Iran</subfield><subfield code="0">(IDREF)027234576</subfield><subfield code="2">idref</subfield></datafield><datafield ind1=" " ind2="7" tag="655"><subfield code="a">[Fictions]</subfield><subfield code="2">rero</subfield><subfield code="0">(RERO)A027757308</subfield></datafield><datafield ind1=" " ind2="7" tag="655"><subfield code="a">Ouvrages pour la jeunesse</subfield><subfield code="2">idref</subfield><subfield code="0">(IDREF)028626931</subfield></datafield><datafield ind1=" " ind2="7" tag="655"><subfield code="a">Contes</subfield><subfield code="2">idref</subfield><subfield code="0">(IDREF)027286460</subfield></datafield><datafield ind1=" " ind2="7" tag="655"><subfield code="a">Albums jeunesse</subfield><subfield code="2">idref</subfield><subfield code="0">(IDREF)027662764</subfield></datafield><datafield ind1="1" ind2=" " tag="700"><subfield code="a">Darwiche, Jihad</subfield><subfield code="d">1951-....</subfield><subfield code="0">(IDREF)031800084</subfield><subfield code="4">adp</subfield></datafield><datafield ind1="1" ind2=" " tag="700"><subfield code="a">Joire, Françoise</subfield><subfield code="0">(RERO)A013359320</subfield><subfield code="4">ill</subfield></datafield><datafield ind1="1" ind2=" " tag="700"><subfield code="a">Bourkia, Hassan</subfield><subfield code="d">19..-....</subfield><subfield code="0">(IDREF)163760047</subfield><subfield code="4">trl</subfield></datafield><datafield ind1="0" ind2=" " tag="730"><subfield code="a">Mille et une nuits</subfield><subfield code="l">Arabe - Français</subfield><subfield code="k">Extraits</subfield></datafield></record>
</metadata></record>