<record><header><identifier>oai:alma.41SLSP_UGE:991000015639705502</identifier><datestamp>2023-04-15T00:12:36Z</datestamp><setSpec>uge_bcen_RapidILL_BOOK</setSpec><setSpec>uge_aaca_RapidILL_BOOK</setSpec><setSpec>uge_abels_RapidILL_BOOK</setSpec><setSpec>uge_dbu_RapidILL_BOOK</setSpec><setSpec>uge_cmu_RapidILL_BOOK</setSpec><setSpec>uge_mail_RapidILL_BOOK</setSpec><setSpec>uge_abbat_RapidILL_BOOK</setSpec><setSpec>UNIGE_ALL</setSpec><setSpec>uge_acar_RapidILL_BOOK</setSpec><setSpec>uge_aobs_RapidILL_BOOK</setSpec></header><metadata>
<record xmlns="http://www.loc.gov/MARC21/slim" xmlns:xsi="http://www.w3.org/2001/XMLSchema-instance" xsi:schemaLocation="http://www.loc.gov/MARC21/slim http://www.loc.gov/standards/marcxml/schema/MARC21slim.xsd"><leader>03322nam a2200721 c 4500</leader><controlfield tag="001">991000015639705502</controlfield><controlfield tag="005">20230414054801.0</controlfield><controlfield tag="008">201011s2013    it ||||| |||| 10| ||eng d</controlfield><datafield ind1=" " ind2=" " tag="020"><subfield code="a">8864850503</subfield><subfield code="q">set</subfield></datafield><datafield ind1=" " ind2=" " tag="020"><subfield code="a">8864850716</subfield><subfield code="q">v. 1</subfield></datafield><datafield ind1=" " ind2=" " tag="020"><subfield code="a">8864850732</subfield><subfield code="q">v. 2</subfield></datafield><datafield ind1=" " ind2=" " tag="020"><subfield code="a">9788864850504</subfield><subfield code="c">(set)</subfield></datafield><datafield ind1=" " ind2=" " tag="020"><subfield code="a">9788864850719</subfield><subfield code="c">(v. 1)</subfield></datafield><datafield ind1=" " ind2=" " tag="020"><subfield code="a">9788864850733</subfield><subfield code="c">(v. 2)</subfield></datafield><datafield ind1=" " ind2=" " tag="035"><subfield code="a">(swissbib)227660943-41slsp_network</subfield></datafield><datafield ind1=" " ind2=" " tag="035"><subfield code="a">227660943</subfield><subfield code="9">ExL</subfield></datafield><datafield ind1=" " ind2=" " tag="035"><subfield code="a">(RERO)R007813055-41slsp</subfield></datafield><datafield ind1=" " ind2=" " tag="035"><subfield code="a">(IDSBB)006167144DSV01</subfield></datafield><datafield ind1=" " ind2=" " tag="035"><subfield code="a">(NEBIS)009987275EBI01</subfield></datafield><datafield ind1=" " ind2=" " tag="035"><subfield code="a">(OCoLC)851388704</subfield></datafield><datafield ind1=" " ind2=" " tag="035"><subfield code="a">(OCoLC)859188561</subfield></datafield><datafield ind1=" " ind2=" " tag="035"><subfield code="a">(EXLNZ-41SLSP_NETWORK)991096636639705501</subfield></datafield><datafield ind1=" " ind2=" " tag="040"><subfield code="a">ItFiC</subfield><subfield code="d">CH-ZuSLS</subfield></datafield><datafield ind1="0" ind2=" " tag="041"><subfield code="a">ita</subfield><subfield code="a">eng</subfield><subfield code="a">fre</subfield><subfield code="a">spa</subfield></datafield><datafield ind1=" " ind2=" " tag="050"><subfield code="a">BL</subfield></datafield><datafield ind1="1" ind2="4" tag="050"><subfield code="a">BL689</subfield><subfield code="b">.E27 2009</subfield></datafield><datafield ind1=" " ind2="7" tag="072"><subfield code="a">th</subfield><subfield code="2">rero</subfield></datafield><datafield ind1=" " ind2="7" tag="072"><subfield code="a">th</subfield><subfield code="2">SzZuIDS BS/BE</subfield></datafield><datafield ind1="1" ind2="4" tag="082"><subfield code="a">200</subfield><subfield code="2">21</subfield></datafield><datafield ind1="0" ind2="0" tag="245"><subfield code="a">Religion in the history of european culture</subfield><subfield code="b">proceedings of the 9th EASR Annual Conference and IAHR Special Conference, 14-17 September 2009, Messina (Italy)</subfield><subfield code="c">ed. by Giulia Sfameni Gasparro, Augusto Cosentino, Mariangela Monaca</subfield></datafield><datafield ind1=" " ind2=" " tag="250"><subfield code="a">1. ed.</subfield></datafield><datafield ind1=" " ind2="1" tag="264"><subfield code="a">Palermo</subfield><subfield code="b">Officina di studi medievali</subfield><subfield code="c">2013</subfield></datafield><datafield ind1=" " ind2=" " tag="300"><subfield code="a">2 v. (xxxviii, 1155 p.)</subfield><subfield code="b">ill.</subfield><subfield code="c">24 cm.</subfield></datafield><datafield ind1=" " ind2=" " tag="336"><subfield code="b">txt</subfield><subfield code="2">rdacontent</subfield></datafield><datafield ind1=" " ind2=" " tag="337"><subfield code="b">n</subfield><subfield code="2">rdamedia</subfield></datafield><datafield ind1=" " ind2=" " tag="338"><subfield code="b">nc</subfield><subfield code="2">rdacarrier</subfield></datafield><datafield ind1="1" ind2=" " tag="490"><subfield code="a">Biblioteca dell'Officina di studi medievali</subfield><subfield code="v">16</subfield></datafield><datafield ind1=" " ind2=" " tag="500"><subfield code="a">Texts in English, Italian or Spanish</subfield></datafield><datafield ind1=" " ind2=" " tag="500"><subfield code="a">Contributions in Italian, English, French, and Spanish; abstracts in English</subfield></datafield><datafield ind1=" " ind2=" " tag="504"><subfield code="a">Includes bibliographical references.</subfield></datafield><datafield ind1=" " ind2="7" tag="648"><subfield code="a">Geschichte</subfield><subfield code="2">gnd</subfield></datafield><datafield ind1=" " ind2="7" tag="650"><subfield code="a">Sciences des religions</subfield><subfield code="0">(RERO)A023536763</subfield><subfield code="2">rero</subfield></datafield><datafield ind1=" " ind2="7" tag="650"><subfield code="a">Kultur</subfield><subfield code="0">(DE-588)4125698-0</subfield><subfield code="2">gnd</subfield></datafield><datafield ind1=" " ind2="7" tag="650"><subfield code="a">Religion</subfield><subfield code="0">(DE-588)4049396-9</subfield><subfield code="2">gnd</subfield></datafield><datafield ind1=" " ind2="0" tag="651"><subfield code="a">Europe</subfield><subfield code="x">Religion</subfield><subfield code="v">Congresses</subfield></datafield><datafield ind1=" " ind2="7" tag="651"><subfield code="a">Europe</subfield><subfield code="0">(IDREF)027224651</subfield><subfield code="2">idref</subfield></datafield><datafield ind1=" " ind2="7" tag="651"><subfield code="a">Europa</subfield><subfield code="0">(DE-588)4015701-5</subfield><subfield code="2">gnd</subfield></datafield><datafield ind1=" " ind2="7" tag="655"><subfield code="a">Konferenzschrift</subfield><subfield code="z">Messina</subfield><subfield code="y">2009</subfield><subfield code="2">gnd-content</subfield></datafield><datafield ind1=" " ind2="7" tag="655"><subfield code="a">Konferenzschrift</subfield><subfield code="2">gnd-content</subfield></datafield><datafield ind1="1" ind2=" " tag="700"><subfield code="a">Cosentino, Augusto</subfield><subfield code="0">(IDREF)059612754</subfield></datafield><datafield ind1="1" ind2=" " tag="700"><subfield code="a">Monaca, Mariangela</subfield><subfield code="0">(IDREF)095860878</subfield></datafield><datafield ind1="1" ind2=" " tag="700"><subfield code="a">Sfameni Gasparro, Giulia</subfield><subfield code="d">1941-</subfield><subfield code="0">(DE-588)1034967800</subfield><subfield code="6">880-04</subfield></datafield><datafield ind1="1" ind2=" " tag="880"><subfield code="6">700-04</subfield><subfield code="a">Sfameni Gasparro, Giulia</subfield><subfield code="d">1941-...</subfield><subfield code="0">(IDREF)026671123</subfield></datafield><datafield ind1="2" ind2=" " tag="710"><subfield code="a">European Association for the History of Religions</subfield><subfield code="b">Congress</subfield><subfield code="0">(DE-588)1086094603</subfield></datafield><datafield ind1="2" ind2=" " tag="710"><subfield code="a">International Association for the History of Religions</subfield><subfield code="0">(DE-588)1012269-2</subfield></datafield><datafield ind1="2" ind2=" " tag="710"><subfield code="a">International Association for the History of Psychoanalysis</subfield><subfield code="0">(DE-588)2133517-5</subfield></datafield><datafield ind1="2" ind2=" " tag="710"><subfield code="a">Association européenne pour l'étude des religions</subfield><subfield code="b">Congrès</subfield><subfield code="n">9</subfield><subfield code="d">2009</subfield><subfield code="c">Messina</subfield><subfield code="0">(RERO)A024530707</subfield></datafield><datafield ind1="2" ind2=" " tag="710"><subfield code="a">Association internationale pour l'histoire des religions</subfield><subfield code="b">Conférence</subfield><subfield code="d">2009</subfield><subfield code="c">Messina</subfield><subfield code="0">(RERO)A024530708</subfield></datafield><datafield ind1="2" ind2=" " tag="711"><subfield code="a">European Association for the Study of Religions</subfield><subfield code="e">Congress</subfield><subfield code="0">(DE-588)1092349723</subfield></datafield><datafield ind1="4" ind2=" " tag="856"><subfield code="3">Titelblatt und Inhaltsverzeichnis</subfield><subfield code="u">https://toc.library.ethz.ch/objects/pdf03/z01_978-88-6485-050-4_01.pdf</subfield><subfield code="q">pdf</subfield></datafield><datafield ind1=" " ind2="0" tag="830"><subfield code="a">Biblioteca dell'Officina di Studi Medievali</subfield><subfield code="v">16</subfield><subfield code="w">(IDSBB)006211487DSV01</subfield></datafield><datafield ind1=" " ind2="0" tag="830"><subfield code="a">Biblioteca dell'Officina di studi medievali</subfield><subfield code="v">16</subfield><subfield code="w">(RERO)R003193961-41slsp</subfield></datafield><datafield ind1=" " ind2=" " tag="900"><subfield code="a">IDSZ2zbzmon201311f</subfield><subfield code="c">IDSZ2kalh</subfield><subfield code="d">IDSZ2zbzswk201312b</subfield><subfield code="e">IDSZ2schu</subfield></datafield><datafield ind1=" " ind2=" " tag="949"><subfield code="a">https://toc.library.ethz.ch/objects/pdf03/z01_978-88-6485-050-4_01.pdf</subfield></datafield></record>
</metadata></record>