<record><header><identifier>oai:alma.41SLSP_UGE:991000016369705502</identifier><datestamp>2024-11-16T01:11:29Z</datestamp><setSpec>uge_bcen_RapidILL_BOOK</setSpec><setSpec>uge_aaca_RapidILL_BOOK</setSpec><setSpec>uge_abels_RapidILL_BOOK</setSpec><setSpec>uge_dbu_RapidILL_BOOK</setSpec><setSpec>uge_cmu_RapidILL_BOOK</setSpec><setSpec>uge_mail_RapidILL_BOOK</setSpec><setSpec>uge_abbat_RapidILL_BOOK</setSpec><setSpec>UNIGE_ALL</setSpec><setSpec>uge_acar_RapidILL_BOOK</setSpec><setSpec>uge_aobs_RapidILL_BOOK</setSpec></header><metadata>
<record xmlns="http://www.loc.gov/MARC21/slim" xmlns:xsi="http://www.w3.org/2001/XMLSchema-instance" xsi:schemaLocation="http://www.loc.gov/MARC21/slim http://www.loc.gov/standards/marcxml/schema/MARC21slim.xsd"><leader>13080nam a2201153 c 4500</leader><controlfield tag="001">991000016369705502</controlfield><controlfield tag="005">20241115124632.0</controlfield><controlfield tag="008">201011s2009    sz            00| | ger  </controlfield><datafield ind1=" " ind2=" " tag="020"><subfield code="a">9783725558469</subfield><subfield code="c">ca. CHF 398.00</subfield></datafield><datafield ind1=" " ind2=" " tag="035"><subfield code="a">(swissbib)223322105-41slsp_network</subfield></datafield><datafield ind1=" " ind2=" " tag="035"><subfield code="a">223322105</subfield><subfield code="9">ExL</subfield></datafield><datafield ind1=" " ind2=" " tag="035"><subfield code="a">(IDSBB)004880477DSV01</subfield></datafield><datafield ind1=" " ind2=" " tag="035"><subfield code="a">(IDSLU)000625158ILU01</subfield></datafield><datafield ind1=" " ind2=" " tag="035"><subfield code="a">(NEBIS)005800533EBI01</subfield></datafield><datafield ind1=" " ind2=" " tag="035"><subfield code="a">(RERO)R005115714-41slsp</subfield></datafield><datafield ind1=" " ind2=" " tag="035"><subfield code="a">(IDSSG)000490737HSB01</subfield></datafield><datafield ind1=" " ind2=" " tag="035"><subfield code="a">(SBT)000596532SBT01</subfield></datafield><datafield ind1=" " ind2=" " tag="035"><subfield code="a">(ABN)000537714ABN01</subfield></datafield><datafield ind1=" " ind2=" " tag="035"><subfield code="a">(ALEX)bv001409885</subfield></datafield><datafield ind1=" " ind2=" " tag="035"><subfield code="a">(CH-UniLiZuSLS)991016346909705501</subfield></datafield><datafield ind1=" " ind2=" " tag="035"><subfield code="a">(UNILI)000302102LLB01</subfield></datafield><datafield ind1=" " ind2=" " tag="035"><subfield code="a">(EXLNZ-41SLSP_NETWORK)991016346909705501</subfield></datafield><datafield ind1=" " ind2=" " tag="040"><subfield code="a">SzZuIDS NEBIS</subfield><subfield code="e">kids</subfield><subfield code="d">CH-ZuSLS</subfield></datafield><datafield ind1=" " ind2=" " tag="044"><subfield code="a">sz</subfield><subfield code="c">ch-zh</subfield></datafield><datafield ind1=" " ind2="7" tag="072"><subfield code="a">rw</subfield><subfield code="2">SzZuIDS BS/BE</subfield></datafield><datafield ind1=" " ind2="7" tag="072"><subfield code="a">807</subfield><subfield code="2">IDS LU</subfield></datafield><datafield ind1=" " ind2="7" tag="072"><subfield code="a">840</subfield><subfield code="2">IDS LU</subfield></datafield><datafield ind1=" " ind2="7" tag="072"><subfield code="a">842</subfield><subfield code="2">IDS LU</subfield></datafield><datafield ind1=" " ind2="7" tag="072"><subfield code="a">dr</subfield><subfield code="2">rero</subfield></datafield><datafield ind1=" " ind2="7" tag="072"><subfield code="a">se</subfield><subfield code="2">rero</subfield></datafield><datafield ind1="0" ind2="4" tag="082"><subfield code="a">346.49406</subfield><subfield code="2">22</subfield></datafield><datafield ind1="0" ind2="4" tag="082"><subfield code="a">346.4940922</subfield><subfield code="2">22</subfield></datafield><datafield ind1="1" ind2="4" tag="082"><subfield code="a">340</subfield><subfield code="2">15</subfield></datafield><datafield ind1=" " ind2=" " tag="084"><subfield code="a">PU 2660</subfield><subfield code="2">rvk</subfield></datafield><datafield ind1=" " ind2=" " tag="084"><subfield code="a">CA/CH 79.2 g</subfield><subfield code="2">cjurrom</subfield></datafield><datafield ind1=" " ind2=" " tag="084"><subfield code="a">CA/CH 79.1 g</subfield><subfield code="2">cjurrom</subfield></datafield><datafield ind1="1" ind2=" " tag="100"><subfield code="6">880-01</subfield><subfield code="a">Böckli, Peter</subfield><subfield code="0">(IDREF)08366338X</subfield><subfield code="4">cre</subfield></datafield><datafield ind1="1" ind2=" " tag="880"><subfield code="a">Böckli, Peter</subfield><subfield code="d">1936-</subfield><subfield code="6">100-01</subfield><subfield code="0">(DE-588)120707438</subfield></datafield><datafield ind1="1" ind2="0" tag="245"><subfield code="a">Schweizer Aktienrecht</subfield><subfield code="b">mit Fusionsgesetz, Börsengesellschaftsrecht, Konzernrecht, Corporate Governance, Recht der Revisionsstelle und der Abschlussprüfung in neuer Fassung unter Berücksichtigung der angelaufenen Revision des Aktien- und Rechnungslegungsrechts</subfield><subfield code="c">Peter Böckli</subfield></datafield><datafield ind1=" " ind2=" " tag="250"><subfield code="a">4., vollständig neu bearb. Aufl.</subfield></datafield><datafield ind1=" " ind2="1" tag="264"><subfield code="a">Zürich</subfield><subfield code="b">Schulthess</subfield><subfield code="c">2009</subfield></datafield><datafield ind1=" " ind2=" " tag="300"><subfield code="a">2741 S.</subfield><subfield code="c">25 cm</subfield></datafield><datafield ind1=" " ind2=" " tag="336"><subfield code="b">txt</subfield><subfield code="2">rdacontent</subfield></datafield><datafield ind1=" " ind2=" " tag="337"><subfield code="b">n</subfield><subfield code="2">rdamedia</subfield></datafield><datafield ind1=" " ind2=" " tag="338"><subfield code="b">nc</subfield><subfield code="2">rdacarrier</subfield></datafield><datafield ind1=" " ind2=" " tag="500"><subfield code="a">Register</subfield></datafield><datafield ind1=" " ind2=" " tag="504"><subfield code="a">Bibliogr.</subfield></datafield><datafield ind1=" " ind2=" " tag="504"><subfield code="a">Literaturverzeichnis S. LXXVII-CLIX</subfield></datafield><datafield ind1=" " ind2=" " tag="504"><subfield code="a">P. XXXIX-CLI</subfield></datafield><datafield ind1=" " ind2="0" tag="650"><subfield code="a">Corporation law</subfield><subfield code="z">Switzerland</subfield></datafield><datafield ind1=" " ind2="7" tag="650"><subfield code="a">AKTIENGESELLSCHAFT + AKTIENRECHT (HANDELSRECHT)</subfield><subfield code="9">ger</subfield><subfield code="0">(ETHUDK)000011464</subfield><subfield code="2">ethudk</subfield></datafield><datafield ind1=" " ind2="7" tag="650"><subfield code="a">AKTIENGESELLSCHAFT + GMBH</subfield><subfield code="9">ger</subfield><subfield code="0">(ETHUDK)000032510</subfield><subfield code="2">ethudk</subfield></datafield><datafield ind1=" " ind2="7" tag="650"><subfield code="a">OBLIGATIONENRECHT</subfield><subfield code="9">ger</subfield><subfield code="0">(ETHUDK)000011362</subfield><subfield code="2">ethudk</subfield></datafield><datafield ind1=" " ind2="7" tag="650"><subfield code="a">SCHWEIZ (MITTELEUROPA). SCHWEIZERISCHE EIDGENOSSENSCHAFT</subfield><subfield code="9">ger</subfield><subfield code="0">(ETHUDK)000004571</subfield><subfield code="2">ethudk</subfield></datafield><datafield ind1=" " ind2="7" tag="650"><subfield code="a">VERBANDSRECHT + VEREINSRECHT</subfield><subfield code="9">ger</subfield><subfield code="0">(ETHUDK)000011398</subfield><subfield code="2">ethudk</subfield></datafield><datafield ind1=" " ind2="7" tag="650"><subfield code="a">ZIVILRECHT + PRIVATRECHT</subfield><subfield code="9">ger</subfield><subfield code="0">(ETHUDK)000011310</subfield><subfield code="2">ethudk</subfield></datafield><datafield ind1=" " ind2="7" tag="650"><subfield code="a">Aktiengesellschaft</subfield><subfield code="9">ger</subfield><subfield code="0">(RERO)jurivoc000000693ger</subfield><subfield code="2">jurivoc</subfield></datafield><datafield ind1=" " ind2="7" tag="650"><subfield code="a">international</subfield><subfield code="9">ger</subfield><subfield code="0">(RERO)jurivoc000011874ger</subfield><subfield code="2">jurivoc</subfield></datafield><datafield ind1=" " ind2="7" tag="650"><subfield code="a">Buchhaltung</subfield><subfield code="9">ger</subfield><subfield code="0">(RERO)jurivoc000004601ger</subfield><subfield code="2">jurivoc</subfield></datafield><datafield ind1=" " ind2="7" tag="650"><subfield code="a">Richtlinie(allgemein)</subfield><subfield code="9">ger</subfield><subfield code="0">(RERO)jurivoc000018951ger</subfield><subfield code="2">jurivoc</subfield></datafield><datafield ind1=" " ind2="7" tag="650"><subfield code="a">Gemeinschaftsrecht</subfield><subfield code="9">ger</subfield><subfield code="0">(RERO)jurivoc000009467ger</subfield><subfield code="2">jurivoc</subfield></datafield><datafield ind1=" " ind2="7" tag="650"><subfield code="a">Umstrukturierung</subfield><subfield code="9">ger</subfield><subfield code="0">(RERO)jurivoc000023361ger</subfield><subfield code="2">jurivoc</subfield></datafield><datafield ind1=" " ind2="7" tag="650"><subfield code="a">Fusion</subfield><subfield code="9">ger</subfield><subfield code="0">(RERO)jurivoc000008955ger</subfield><subfield code="2">jurivoc</subfield></datafield><datafield ind1=" " ind2="7" tag="650"><subfield code="a">Spaltung(Gesellschaftsrecht)</subfield><subfield code="9">ger</subfield><subfield code="0">(RERO)jurivoc000050772ger</subfield><subfield code="2">jurivoc</subfield></datafield><datafield ind1=" " ind2="7" tag="650"><subfield code="a">Umwandlung der Gesellschaft</subfield><subfield code="9">ger</subfield><subfield code="0">(RERO)jurivoc000023372ger</subfield><subfield code="2">jurivoc</subfield></datafield><datafield ind1=" " ind2="7" tag="650"><subfield code="a">Übernahme eines Vermögens oder eines Geschäftes</subfield><subfield code="9">ger</subfield><subfield code="0">(RERO)jurivoc000023156ger</subfield><subfield code="2">jurivoc</subfield></datafield><datafield ind1=" " ind2="7" tag="650"><subfield code="a">Konzern</subfield><subfield code="9">ger</subfield><subfield code="0">(RERO)jurivoc000013377ger</subfield><subfield code="2">jurivoc</subfield></datafield><datafield ind1=" " ind2="7" tag="650"><subfield code="a">Börse</subfield><subfield code="9">ger</subfield><subfield code="0">(RERO)jurivoc000004418ger</subfield><subfield code="2">jurivoc</subfield></datafield><datafield ind1=" " ind2="7" tag="650"><subfield code="a">Unternehmensführung</subfield><subfield code="9">ger</subfield><subfield code="0">(RERO)jurivoc000050220ger</subfield><subfield code="2">jurivoc</subfield></datafield><datafield ind1=" " ind2="7" tag="650"><subfield code="a">Übergangsrecht</subfield><subfield code="9">ger</subfield><subfield code="0">(RERO)jurivoc000023126ger</subfield><subfield code="2">jurivoc</subfield></datafield><datafield ind1=" " ind2="7" tag="650"><subfield code="a">Droit</subfield><subfield code="0">(IDREF)027466868</subfield><subfield code="2">idref</subfield></datafield><datafield ind1=" " ind2="7" tag="650"><subfield code="a">Sociétés anonymes</subfield><subfield code="0">(IDREF)028219589</subfield><subfield code="2">idref</subfield></datafield><datafield ind1=" " ind2="7" tag="650"><subfield code="a">Aktienrecht</subfield><subfield code="0">(DE-588)4246380-4</subfield><subfield code="2">gnd</subfield></datafield><datafield ind1=" " ind2="7" tag="650"><subfield code="a">Rechnungslegung</subfield><subfield code="2">gnd</subfield><subfield code="0">(DE-588)4128343-0</subfield></datafield><datafield ind1=" " ind2="7" tag="650"><subfield code="a">Società anonime</subfield><subfield code="x">diritto</subfield><subfield code="x">manuali</subfield><subfield code="z">Svizzera</subfield><subfield code="2">sbt12</subfield></datafield><datafield ind1=" " ind2="7" tag="651"><subfield code="a">Schweiz</subfield><subfield code="9">ger</subfield><subfield code="0">(RERO)jurivoc000019912ger</subfield><subfield code="2">jurivoc</subfield></datafield><datafield ind1=" " ind2="7" tag="651"><subfield code="a">Suisse</subfield><subfield code="0">(IDREF)027249654</subfield><subfield code="2">idref</subfield></datafield><datafield ind1=" " ind2="7" tag="651"><subfield code="a">Schweiz</subfield><subfield code="0">(DE-588)4053881-3</subfield><subfield code="2">gnd</subfield></datafield><datafield ind1=" " ind2="7" tag="655"><subfield code="a">Lehrbuch</subfield><subfield code="2">gnd-content</subfield></datafield><datafield ind1=" " ind2="7" tag="655"><subfield code="a">Grundlagenwerk</subfield><subfield code="9">ger</subfield><subfield code="2">jurivoc</subfield><subfield code="0">(RERO)jurivoc000010408ger</subfield></datafield><datafield ind1=" " ind2="7" tag="655"><subfield code="a">Manuels d'enseignement</subfield><subfield code="0">(IDREF)027446514</subfield><subfield code="2">idref</subfield></datafield><datafield ind1=" " ind2=" " tag="690"><subfield code="a">Aktiengesellschaft</subfield><subfield code="2">ubs-FC</subfield></datafield><datafield ind1=" " ind2=" " tag="690"><subfield code="a">Bezugsrecht; Depotstimmrecht; Konzernrecht; Bundesgesetz; Arbeitnehmerschutz; Börsenrecht; Vertragsrecht; Garantie; Verbot; Grundsätze ordnungsmäßiger Buchführung; Vorzugsaktie; Konsolidierung; Kapitalerhöhung; Einleitung; Tochtergesellschaft; Gewinn- und Verlustrechnung; Generalversammlung; Beschluss; stille Reserve; Unternehmenssanierung; Spaltung; Umwandlung; Übertragung</subfield><subfield code="2">idssg-J</subfield></datafield><datafield ind1=" " ind2=" " tag="690"><subfield code="a">Konzernrechnung; Namenaktie; Vermögensübertragung; Fusionsgesetz; Generalversammlungsbeschluss; Börsengesellschaftsrecht; Erhöhungsbeschluss; Fusionsrecht; Nachlassverfahren; Rechnungslegungsrecht; Vorwegzeichnungsrecht; Übernahmerecht; Aktienkapital; Bilanzbereinigung; Minderheitenschutz; Stimmrechtsbeschränkung; Aktienoption; Fachempfehlung; Gleichbehandlungsbehandlung; Kursgarantie; Kursstützung; Rechtsausübung; Schwellenüberschreitung; Untergesellschaft; Abwehrmaßnahme; Anpassungsbeschluss; Ausgabebetrag; Beteiligungsrecht; Bewertungsregel; Dispoaktie; EG-Richtlinie; Einsichtsrecht; Grundgedanke; Grundregel; Kapitaleinlage; Konzernaußenrecht; Konzerneingangsrecht; Konzernhaftungsrecht; Konzerninnenrecht; Konzernvertragsrecht; Mitwirkungsrecht; Rückkauf; Betriebsabteilung; Einzelbewertung; Festübernahme; Kompromisslösung; Management-Transaktion; Neuregulierung; Publikumsgesellschaft; Rechtskontrolle; Ausgabepreis; Einheitsaktie; Einordnungskonzept; Finanzmarktaufsicht; Kapitalschnitt; Mitarbeiteraktie; Spartenaktie; Stimmrechtsaktie; Stimmrechtsausschluss; Stückaktie; Vorratsaktie; Zielgesellschaft; Aushandlungskonzept; Grundzug; Insiderdelikt; Kapitalerhöhungsbericht; Kaufangebot; Konzerngesellschaft; Prüfungsvermerk; Quartalsbericht; Rahmenbestimmung; Regelungsfrage; Revisionsansatz; Teilnahme; Änderungsvorschlag; Übernahmekommission; Ablehnungsgrund; Aktienart; Aktienbuch; Ausgangslage; Beschlussquorum; Depotvertreterin; Depotvertretung; Eigenart; Geschäftsleitungsmitglied; Gesetzesentwurf; Gestaltungsidee; Gestaltungsmöglichkeit; Grundriss; Halbjahresjahr; Handelsregister; Hoc-Publizität; Inhaberaktie; Kapitalband; Konsolidierungspflicht; Konsolidierungspraxis; Kotierungsvoraussetzung; Nennwertsystem; Ordnungsmässigkeit; Organmitglied; Organvertretung; Präsenzquorum; Rechtsfolge; Rechtsinstitut; Revisionsorgan; Revisionsvorlage; Setz-#n; Sonderfall</subfield><subfield code="2">idssg-J</subfield></datafield><datafield ind1=" " ind2=" " tag="690"><subfield code="a">; Sorgfaltspflicht; Stimmrechtsvertreter; Wirkungszusammenhang; Übernahmekampf</subfield><subfield code="2">idssg-J</subfield></datafield><datafield ind1=" " ind2=" " tag="690"><subfield code="a">andere Gesellschaft; andere Lösung; beteiligte Person; faktische Liquidation; fragwürdige Gestaltungsidee; hinzugefügter Grundsatz; kotierte Namenaktie; ordentliche Kapitalerhöhung; verbleibendes Problem; verfahrensmäßige Voraussetzung; vorgeschlagenes Rechnungslegungsrecht; weitere Frage; weiterer Grundsatz; abgestufte Strenge; aktienrechtlich Tnformationsdelikte; allgemeine Schranke; allmähliche Modernisierung; alter Grundsatz; andere Informationshaftung; angloamerikanische Erfahrungswelt; anwendbarer Grundsatz; aussenstehender Aktionär; außerordentliches Angriffsrecht; beaufsichtigtes Revisionsunternehmen; bedeutend Aktionare; bedeutender Aktionär; bedingter Generalversammlungsbeschluss; bedingtes Kapital; bedingte Kapitalerhöhung; beendigte Liquidation; befugte Delegation; begründete Haftung; beherrschte Aktiengesellschaft; besonderer Aspekt; besondere Aufgabe; besondere Situation; besonderes Verhältnis; bestimmte Abwehrmaßnahme; bestimmtes Bundesgesetz; bundesrätlicher Gesetzesentwurf; börsengesetzliches Übernahmerecht; börsenkotierte Namenaktie; börsenrechtliche Offenlegung; deklarative Kapitalerhöhung; deklarative Kapitalherabsetzung; deutsches Aktiengesetz; deutsches Konzernrecht; differenzierte Solidarität; direkte Schädigung; dritter Prüfungsgegenstand; dualistisches System; eidgenössische Finanzmarktaufsicht; eigene Aktie; eigene Generalversammlung; eingeordnete Untergesellschaft; eingeschränkte Prüfung; eingeschränkte Revision; einzelner Schritt; ereignisbezogene Pflicht; erlaubte Abweichung; ersetzendes Aktionärsdarlehen; europäisch Geselischaftsrecht; europäisches Gesellschaftsrecht; europäische Union; faktische Liquidation; festgehaltene Legitimation; finanzielle Krise; gefasstes Revisionsrecht; gehende Erschwerung; gemeinsame Bestimmung; gemeinsame Vorschrift; genehmigte Kapitalerhöhung; genehmigte Kapitalherabsetzung; geregelte Zulassung</subfield><subfield code="2">idssg-J</subfield></datafield><datafield ind1=" " ind2=" " tag="690"><subfield code="a">; gesellschaftsinterne Maßnahme; gesetzgeberischer Entscheid; gesetzliche Ausnahme; gesetzliches Konzept; gesetzlicher Stimmrechtsausschluss; gesetzliche Voraussetzung; gesetzwidriger Rückkauf; gleichzeitige Wiedererhöhung; hälftiger Kapitalverlust; indirekte Schädigung; inhaltlicher Aspekt; inhaltliche Voraussetzung; inkorporierte Betriebsabteilung; innere Organisation; institutionelle Stimmrechtsvertretung; internes Kontrollsystem; interne Revision; juristische Handelsgesellschaft; juristische Person; jährliche Offenlegung; kleiner Nennwert; kleines Unternehmen; konkretes Delegationssystem; konzerninterner Vertrag; konzernrechtliche Gestaltungsidee; kotierte Aktie; kotierte Aktiengesellschaft; kotierte Gesellschaft; kotierte Namenaktie; kurzer Revisionsbericht; materielle Kapitalherabsetzung; monistisches System; nachträgliche Änderung; natürliche Person; neues Rechnungslegungsrecht; neues Rechtsinstitut; neue Regelung; neuer Zweck; nichtiger Verwaltungsratsbeschluss; ordentliche Kapitalerhöhung; ordentliche Revision; ordnungsmäßige Rechnungslegung; patriarchalisch Leitungsmodell; positives Konzernrecht; primärer Prüfungsgegenstand; prozentuale Begrenzung; prozessuale Frage; prüfende Revisionsstelle; qualifizierte Mehrheit; rechtliches Problem; rechtliche Stellung; rechtliche Verankerung; rechtmäßige Ausschüttung; restliches Beteiligungsrecht; sachgemäße Lösung; schweizer Kapitalmarkt; schweizer Mischtyp; schweizer Text; spezielle Prüfung; statutarisches Beschlussquorum; statutarische Stimmrechtsbeschränkung; stehender Aktionär; steuerliche Behandlung; stille Liquidation; strafrechtliches Informationsdelikt; ständige Pflicht; technische Einzelheit; teilliberierte Aktie; tiefgehende Veränderung; umfassender Revisionsbericht; unabhängiger Stimmrechtsvertreter; ungelöste Frage; ungelöstes Problem; ungerechtfertigte Gewinnentnahme; unorthodoxe Revision; untere Ebene</subfield><subfield code="2">idssg-J</subfield></datafield><datafield ind1=" " ind2=" " tag="690"><subfield code="a">; unverbriefte Aktie; unverbriefte Namenaktie; verbleibende Divergenz; verbundene Gesellschaft; vereinfachte Herabsetzung; verpflichtete Gesellschaft; versandeter Vorentwurf; vinkulierte Namenaktie; vorgesehene Übergangsbestimmung; weitere Angabe; weiterer Grundsatz; weiteres Land; wichtiger Beschluss; wichtiger Grund; wichtiger Punkt; wichtige Regelungsfrage; widerrechtliche Ablehnung; zuteilbares Mitwirkungsrecht; zweistufige Überwachung; zweiter Prüfungsgegenstand; zweiter Schub; öffentlich-rechtliche Suspendierung; öffentliches Kaufangebot</subfield><subfield code="2">idssg-J</subfield></datafield><datafield ind1=" " ind2=" " tag="690"><subfield code="a">Schweiz C4EXSI; Vereinigte Staaten C1USA; Frankreich C4EUFR; Großbritannien C4EUUK; Deutschland C4EUGE; EU C4EU; Welt C00WOR</subfield><subfield code="2">idssg-J</subfield></datafield><datafield ind1=" " ind2=" " tag="690"><subfield code="a">B. Ablehnung; B. Aktivierung; B. Anknüpfungspunkt; B. Aufwand; B. Auslegungsbeschlüsse; B. Bedeutung; B. Befugnisse; B. Beirat; B. Beschlussfassung; B. Beschlusskompetenzen; B. Bezeichnung; B. Eckwerte; B. Einbindung; B. Einführung; B. Einhaltung; B. Einklagung; B. Einschränkung; B. Elemente; B. Entstehung; B. Entwicklung; B. Gegenstand; B. Gestaltungsfreiheit; B. Grossbritannien; B. Haftung; B. IFRS; B. Konzernpublizität; B. Konzernrecht; B. Lösungsmöglichkeiten; B. Nichtigkeit; B. Offenlegung; B. Opting; B. Pflichtverletzung; B. Reform; B. Risikotransfer; B. Rückstellungen; B. Sonderfalle; B. Ursprung; B. Vergleich; B. Verwerlungsphase; B. Voraussetzungen; B. Wahl; B. Änderung; C. Abgrenzung; C. Abschreibungen; C. Aktien; C. Aufhebung; C. Auslegung; C. Bedeutung; C. Beendigung; C. Beispiele; C. Beurteilung; C. Bildung; C. Durchfuhrung; C. Durchführung; C. EG-Richtlinien; C. Einengung; C. Eintragung; C. Festlegung</subfield><subfield code="2">idssg-J</subfield></datafield><datafield ind1=" " ind2=" " tag="690"><subfield code="e">WC</subfield><subfield code="a">Uebrige Literatur : Privatrecht</subfield><subfield code="2">hsg-iff</subfield></datafield><datafield ind1=" " ind2=" " tag="691"><subfield code="e">PC 79.1 CH</subfield><subfield code="2">rzs-L1</subfield></datafield><datafield ind1=" " ind2=" " tag="691"><subfield code="e">PC 79.2 CH</subfield><subfield code="2">rzs-L1</subfield></datafield><datafield ind1=" " ind2=" " tag="691"><subfield code="e">346.4940666</subfield><subfield code="a">Diritto delle società. Titoli e detentori di titoli. Svizzera</subfield><subfield code="2">usi-TE</subfield></datafield><datafield ind1="4" ind2=" " tag="856"><subfield code="3">Titelblatt und Inhaltsverzeichnis</subfield><subfield code="u">https://toc.library.ethz.ch/objects/pdf/e01_978-3-7255-5846-9_01.pdf</subfield><subfield code="q">pdf</subfield></datafield><datafield ind1=" " ind2=" " tag="900"><subfield code="a">IDSZ2rwimon200907p</subfield><subfield code="c">IDSZ2biss 090720</subfield><subfield code="d">IDSZ2rwiswk200907b</subfield><subfield code="e">IDSZ2sust</subfield></datafield><datafield ind1=" " ind2=" " tag="900"><subfield code="a">IDSZ1ZH</subfield></datafield><datafield ind1=" " ind2=" " tag="900"><subfield code="a">IDSZ2zbzmon200907l</subfield><subfield code="c">IDSZ2knec</subfield><subfield code="d">IDSZ2zbzswk200907u</subfield><subfield code="e">IDSZ2bruu</subfield></datafield><datafield ind1=" " ind2=" " tag="900"><subfield code="a">IDSE5E51ANH-2009</subfield></datafield><datafield ind1=" " ind2=" " tag="949"><subfield code="a">https://toc.library.ethz.ch/objects/pdf/e01_978-3-7255-5846-9_01.pdf</subfield></datafield></record>
</metadata></record>